bar_time,bar_number,block_id,type,price0,buy0,sell0,price1,buy1,sell1,price2,buy2,sell2,price3,buy3,sell3,price4,buy4,sell4,price5,buy5,sell5,price6,buy6,sell6,open,high,low,close,upper_dist,lower_dist
2023-03-01 09:38:11,0,2023-03-01 09:38:11,M,3963.5,0,177,3963.75,245,163,3964.0,280,118,3964.25,532,300,3964.5,601,354,3964.75,685,70,3965.0,332,0,3963.75,3965.0,3963.5,3965.0,11.75,9.0
2023-03-01 09:38:30,-1,2023-03-01 09:38:11,M,3965.25,74,0,3965.5,136,0,3965.75,103,111,3966.0,213,720,3966.25,1144,763,3966.5,678,116,3966.75,88,0,3965.25,3966.75,3965.25,3966.75,11.75,9.0
2023-03-01 09:40:46,0,2023-03-01 09:40:46,M,3964.75,0,107,3965.0,281,28,3965.25,41,76,3965.5,203,139,3965.75,167,225,3966.0,298,66,3966.25,326,0,3965.75,3966.25,3964.75,3966.25,9.25,11.25
2023-03-01 09:40:51,-1,2023-03-01 09:40:46,M,3966.5,279,10,3966.75,239,264,3967.0,424,55,3967.25,285,6,3967.5,162,0,3967.75,30,0,3968.0,106,0,3966.5,3968.0,3966.5,3968.0,9.25,11.25
2023-03-01 09:55:32,0,2023-03-01 09:55:32,M,3966.25,0,24,3966.5,51,247,3966.75,385,315,3967.0,261,347,3967.25,310,349,3967.5,450,258,3967.75,59,0,3966.5,3967.75,3966.25,3967.75,9.25,10.25
2023-03-01 09:56:12,1,2023-03-01 09:55:32,M,3967.5,0,21,3967.75,25,239,3968.0,385,275,3968.25,444,90,3968.5,171,239,3968.75,147,59,3969.0,91,0,3968.0,3969.0,3967.5,3967.5,9.25,10.25
2023-03-01 09:57:00,2,2023-03-01 09:55:32,M,3966.75,0,74,3967.0,27,87,3967.25,0,144,3967.5,299,369,3967.75,320,223,3968.0,122,11,3968.25,3,0,3967.25,3968.25,3966.75,3966.75,9.25,10.25
2023-03-01 09:57:15,3,2023-03-01 09:55:32,M,3966.25,0,53,3966.5,0,170,3966.75,89,87,3967.0,88,144,3967.25,104,29,3967.5,40,8,3967.75,7,0,3966.5,3967.75,3966.25,3966.25,9.25,10.25
2023-03-01 09:57:34,4,2023-03-01 09:55:32,M,3965.0,0,243,3965.25,1,140,3965.5,7,197,3965.75,1,235,3966.0,126,616,3966.25,487,220,3966.5,89,0,3966.0,3966.5,3965.0,3965.0,9.25,10.25
2023-03-01 09:57:47,5,2023-03-01 09:55:32,M,3964.25,0,46,3964.5,35,122,3964.75,53,510,3965.0,319,108,3965.25,88,9,3965.5,31,0,3965.75,63,0,3964.75,3965.75,3964.25,3965.75,9.25,10.25
2023-03-01 09:59:00,6,2023-03-01 09:55:32,M,3964.75,0,66,3965.0,162,145,3965.25,388,363,3965.5,537,578,3965.75,389,317,3966.0,675,119,3966.25,172,0,3966.0,3966.25,3964.75,3966.25,9.25,10.0
2023-03-01 09:59:05,7,2023-03-01 09:55:32,M,3966.5,90,1,3966.75,81,65,3967.0,143,0,3967.25,89,0,3967.5,51,34,3967.75,177,62,3968.0,78,0,3966.5,3968.0,3966.5,3968.0,9.25,10.0
2023-03-01 09:59:08,-1,2023-03-01 09:55:32,M,3967.75,0,2,3968.0,5,18,3968.25,171,30,3968.5,184,70,3968.75,81,0,3969.0,118,92,3969.25,137,0,3968.25,3969.25,3967.75,3969.25,9.25,10.0
2023-03-01 10:00:26,0,2023-03-01 10:00:26,M,3965.75,0,99,3966.0,0,58,3966.25,4,38,3966.5,0,246,3966.75,151,37,3967.0,62,189,3967.25,51,0,3967.0,3967.25,3965.75,3965.75,9.25,10.0
2023-03-01 10:00:34,1,2023-03-01 10:00:26,M,3964.75,0,100,3965.0,62,170,3965.25,2,139,3965.5,37,165,3965.75,43,183,3966.0,63,57,3966.25,1,0,3965.5,3966.25,3964.75,3964.75,9.25,10.0
2023-03-01 10:01:14,-1,2023-03-01 10:00:26,M,3963.75,0,284,3964.0,463,630,3964.25,254,244,3964.5,136,393,3964.75,250,66,3965.0,115,146,3965.25,9,0,3964.5,3965.25,3963.75,3963.75,9.25,10.0
2023-03-01 10:08:35,0,2023-03-01 10:08:35,S,3955.5,0,158,3955.75,0,109,3956.0,1,324,3956.25,5,146,3956.5,0,174,3956.75,191,42,3957.0,1,0,3956.5,3957.0,3955.5,3955.5,10.5,5.75
2023-03-01 10:08:38,-1,2023-03-01 10:08:35,S,3953.75,0,109,3954.0,121,491,3954.25,89,55,3954.5,2,73,3954.75,84,194,3955.0,190,208,3955.25,0,103,3955.25,3955.25,3953.75,3953.75,10.5,5.75
2023-03-01 10:26:53,0,2023-03-01 10:26:53,S,3951.25,0,5,3951.5,142,269,3951.75,397,495,3952.0,502,182,3952.25,774,145,3952.5,241,56,3952.75,112,0,3952.25,3952.75,3951.25,3952.75,14.0,9.25
2023-03-01 10:27:16,1,2023-03-01 10:26:53,S,3952.25,0,12,3952.5,363,435,3952.75,282,159,3953.0,499,16,3953.25,286,91,3953.5,280,96,3953.75,130,0,3953.0,3953.75,3952.25,3953.75,14.0,9.25
2023-03-01 10:28:21,-1,2023-03-01 10:26:53,S,3953.25,0,102,3953.5,390,367,3953.75,536,894,3954.0,933,765,3954.25,644,236,3954.5,334,13,3954.75,154,0,3954.0,3954.75,3953.25,3954.75,14.0,9.25
2023-03-01 10:29:25,0,2023-03-01 10:29:25,S,3952.5,0,8,3952.75,90,433,3953.0,503,480,3953.25,430,387,3953.5,154,115,3953.75,185,61,3954.0,53,0,3953.75,3954.0,3952.5,3954.0,13.75,9.5
2023-03-01 10:29:54,1,2023-03-01 10:29:25,S,3954.0,0,124,3954.25,186,265,3954.5,251,385,3954.75,124,305,3955.0,463,116,3955.25,67,34,3955.5,9,0,3954.25,3955.5,3954.0,3954.0,13.75,9.5
2023-03-01 10:30:24,2,2023-03-01 10:29:25,S,3952.5,0,111,3952.75,38,352,3953.0,371,346,3953.25,372,290,3953.5,320,200,3953.75,57,104,3954.0,13,0,3953.75,3954.0,3952.5,3952.5,13.75,9.5
2023-03-01 10:30:33,3,2023-03-01 10:29:25,S,3952.25,0,41,3952.5,95,67,3952.75,70,72,3953.0,172,78,3953.25,38,0,3953.5,146,0,3953.75,69,0,3952.25,3953.75,3952.25,3953.75,13.75,9.5
2023-03-01 10:31:11,4,2023-03-01 10:29:25,S,3953.5,0,3,3953.75,51,177,3954.0,291,422,3954.25,147,293,3954.5,299,125,3954.75,189,41,3955.0,212,0,3954.0,3955.0,3953.5,3955.0,13.75,9.5
2023-03-01 10:31:47,-1,2023-03-01 10:29:25,S,3954.25,0,67,3954.5,168,136,3954.75,328,183,3955.0,133,187,3955.25,206,93,3955.5,404,46,3955.75,94,0,3955.25,3955.75,3954.25,3955.75,13.75,9.5
2023-03-01 10:34:47,0,2023-03-01 10:34:47,S,3952.5,0,104,3952.75,335,175,3953.0,315,478,3953.25,320,521,3953.5,409,197,3953.75,354,5,3954.0,35,0,3953.25,3954.0,3952.5,3954.0,13.75,9.5
2023-03-01 10:35:11,-1,2023-03-01 10:34:47,S,3953.75,0,13,3954.0,52,46,3954.25,281,527,3954.5,200,15,3954.75,103,223,3955.0,125,0,3955.25,126,0,3954.25,3955.25,3953.75,3955.25,13.5,9.75
2023-03-01 10:47:32,0,2023-03-01 10:47:32,M,3965.25,0,8,3965.5,24,191,3965.75,68,0,3966.0,116,1,3966.25,169,111,3966.5,344,93,3966.75,139,0,3965.75,3966.75,3965.25,3966.75,5.5,14.5
2023-03-01 10:47:42,-1,2023-03-01 10:47:32,M,3966.75,0,68,3967.0,400,449,3967.25,699,413,3967.5,337,140,3967.75,142,2,3968.0,133,114,3968.25,130,0,3967.0,3968.25,3966.75,3968.25,5.5,14.5
2023-03-01 10:48:29,0,2023-03-01 10:48:29,M,3966.0,0,46,3966.25,93,227,3966.5,471,782,3966.75,584,119,3967.0,181,231,3967.25,95,0,3967.5,100,0,3967.0,3967.5,3966.0,3967.5,5.5,14.5
2023-03-01 10:49:07,1,2023-03-01 10:48:29,M,3966.75,0,51,3967.0,0,175,3967.25,218,223,3967.5,163,385,3967.75,273,411,3968.0,513,259,3968.25,292,0,3967.75,3968.25,3966.75,3966.75,5.5,14.5
2023-03-01 10:49:40,2,2023-03-01 10:48:29,M,3966.0,0,227,3966.25,95,465,3966.5,434,372,3966.75,144,351,3967.0,523,128,3967.25,198,17,3967.5,84,0,3966.5,3967.5,3966.0,3967.5,5.5,14.5
2023-03-01 10:50:27,3,2023-03-01 10:48:29,M,3966.5,0,62,3966.75,152,195,3967.0,187,972,3967.25,493,286,3967.5,304,220,3967.75,250,115,3968.0,147,0,3967.75,3968.0,3966.5,3968.0,5.5,14.25
2023-03-01 10:51:01,-1,2023-03-01 10:48:29,M,3967.5,0,98,3967.75,123,208,3968.0,136,272,3968.25,364,719,3968.5,412,214,3968.75,232,1,3969.0,119,0,3968.25,3969.0,3967.5,3969.0,5.5,14.25
2023-03-01 10:51:28,0,2023-03-01 10:51:28,M,3966.25,0,118,3966.5,131,135,3966.75,171,91,3967.0,128,54,3967.25,3,35,3967.5,1,59,3967.75,7,0,3967.5,3967.75,3966.25,3966.25,5.5,14.25
2023-03-01 10:52:01,1,2023-03-01 10:51:28,M,3965.5,0,183,3965.75,80,181,3966.0,383,667,3966.25,452,66,3966.5,168,46,3966.75,124,0,3967.0,81,0,3966.0,3967.0,3965.5,3967.0,5.5,14.25
2023-03-01 10:52:41,-1,2023-03-01 10:51:28,M,3967.25,86,0,3967.5,67,159,3967.75,500,395,3968.0,274,239,3968.25,511,68,3968.5,101,7,3968.75,330,0,3967.25,3968.75,3967.25,3968.75,5.5,14.25
2023-03-01 10:54:52,0,2023-03-01 10:54:52,M,3967.25,0,214,3967.5,68,106,3967.75,76,243,3968.0,119,319,3968.25,381,302,3968.5,198,145,3968.75,5,0,3968.25,3968.75,3967.25,3967.25,4.0,15.75
2023-03-01 10:55:01,1,2023-03-01 10:54:52,M,3967.0,0,34,3967.25,171,0,3967.5,122,0,3967.75,99,95,3968.0,151,108,3968.25,167,23,3968.5,115,0,3967.0,3968.5,3967.0,3968.5,4.0,15.75
2023-03-01 10:55:23,2,2023-03-01 10:54:52,M,3967.25,0,248,3967.5,119,73,3967.75,1,75,3968.0,75,242,3968.25,47,124,3968.5,107,241,3968.75,100,0,3968.75,3968.75,3967.25,3967.25,4.0,15.75
2023-03-01 10:56:20,3,2023-03-01 10:54:52,M,3966.75,0,225,3967.0,348,334,3967.25,464,166,3967.5,284,185,3967.75,281,64,3968.0,217,201,3968.25,213,0,3967.0,3968.25,3966.75,3968.25,4.0,15.5
2023-03-01 10:56:33,-1,2023-03-01 10:54:52,M,3968.25,0,73,3968.5,253,37,3968.75,138,87,3969.0,154,0,3969.25,65,10,3969.5,129,3,3969.75,134,0,3968.5,3969.75,3968.25,3969.75,4.0,15.5
2023-03-01 10:57:32,0,2023-03-01 10:57:32,M,3967.75,0,1,3968.0,63,288,3968.25,286,250,3968.5,302,61,3968.75,270,189,3969.0,296,61,3969.25,110,0,3968.25,3969.25,3967.75,3969.25,4.0,15.5
2023-03-01 10:57:54,1,2023-03-01 10:57:32,M,3968.0,0,87,3968.25,0,44,3968.5,2,191,3968.75,153,136,3969.0,65,140,3969.25,25,18,3969.5,30,0,3969.5,3969.5,3968.0,3968.0,4.0,15.5
2023-03-01 10:58:43,2,2023-03-01 10:57:32,M,3967.75,0,304,3968.0,199,30,3968.25,56,142,3968.5,195,94,3968.75,248,219,3969.0,106,66,3969.25,22,0,3967.75,3969.25,3967.75,3967.75,4.0,15.5
2023-03-01 10:59:01,3,2023-03-01 10:57:32,M,3966.75,0,63,3967.0,140,196,3967.25,156,99,3967.5,208,130,3967.75,60,0,3968.0,64,0,3968.25,9,0,3967.5,3968.25,3966.75,3968.25,4.0,15.5
2023-03-01 10:59:44,4,2023-03-01 10:57:32,M,3967.0,0,165,3967.25,170,58,3967.5,22,119,3967.75,55,191,3968.0,217,133,3968.25,216,25,3968.5,3,0,3968.5,3968.5,3967.0,3967.0,4.0,15.5
2023-03-01 11:01:24,5,2023-03-01 10:57:32,M,3965.75,0,105,3966.0,90,275,3966.25,519,497,3966.5,540,690,3966.75,615,789,3967.0,419,106,3967.25,104,0,3966.75,3967.25,3965.75,3967.25,4.0,15.5
2023-03-01 11:02:16,6,2023-03-01 10:57:32,M,3966.5,0,81,3966.75,42,69,3967.0,107,167,3967.25,168,188,3967.5,137,165,3967.75,182,101,3968.0,10,0,3967.5,3968.0,3966.5,3966.5,4.0,15.5
2023-03-01 11:03:17,7,2023-03-01 10:57:32,M,3965.75,0,227,3966.0,115,277,3966.25,221,205,3966.5,242,276,3966.75,272,202,3967.0,39,21,3967.25,5,0,3966.25,3967.25,3965.75,3965.75,4.0,15.5
2023-03-01 11:03:55,8,2023-03-01 10:57:32,M,3965.0,0,63,3965.25,220,629,3965.5,268,219,3965.75,197,105,3966.0,113,41,3966.25,81,1,3966.5,60,0,3965.5,3966.5,3965.0,3966.5,4.0,15.5
2023-03-01 11:04:22,9,2023-03-01 10:57:32,M,3965.25,0,40,3965.5,0,69,3965.75,22,125,3966.0,3,63,3966.25,106,71,3966.5,116,105,3966.75,17,0,3966.75,3966.75,3965.25,3965.25,4.0,15.5
2023-03-01 11:05:10,-1,2023-03-01 10:57:32,M,3964.0,0,188,3964.25,88,175,3964.5,480,259,3964.75,477,411,3965.0,168,358,3965.25,223,36,3965.5,1,0,3965.0,3965.5,3964.0,3964.0,4.0,15.25
2023-03-01 11:07:42,0,2023-03-01 11:07:42,M,3966.5,0,73,3966.75,29,250,3967.0,157,157,3967.25,244,309,3967.5,161,40,3967.75,265,56,3968.0,25,0,3967.0,3968.0,3966.5,3966.5,4.0,15.25
2023-03-01 11:08:11,1,2023-03-01 11:07:42,M,3965.5,0,151,3965.75,240,96,3966.0,147,62,3966.25,31,100,3966.5,145,42,3966.75,29,0,3967.0,26,0,3966.25,3967.0,3965.5,3967.0,4.0,15.25
2023-03-01 11:08:51,2,2023-03-01 11:07:42,M,3966.75,0,27,3967.0,6,87,3967.25,55,11,3967.5,115,50,3967.75,211,228,3968.0,300,82,3968.25,111,0,3967.25,3968.25,3966.75,3968.25,4.0,15.25
2023-03-01 11:10:12,-1,2023-03-01 11:07:42,M,3968.25,0,482,3968.5,374,176,3968.75,220,221,3969.0,497,359,3969.25,528,194,3969.5,149,57,3969.75,108,0,3968.5,3969.75,3968.25,3969.75,4.0,15.25
2023-03-01 11:11:02,0,2023-03-01 11:11:02,R,3971.0,0,21,3971.25,266,407,3971.5,298,478,3971.75,283,183,3972.0,279,115,3972.25,122,0,3972.5,44,0,3971.5,3972.5,3971.0,3972.5,19.0,4.25
2023-03-01 11:11:23,1,2023-03-01 11:11:02,R,3972.5,0,58,3972.75,209,148,3973.0,392,562,3973.25,125,65,3973.5,138,213,3973.75,347,212,3974.0,263,0,3972.75,3974.0,3972.5,3972.5,19.0,4.25
2023-03-01 11:11:54,2,2023-03-01 11:11:02,R,3971.75,0,18,3972.0,154,342,3972.25,197,154,3972.5,313,94,3972.75,112,24,3973.0,42,1,3973.25,23,0,3972.25,3973.25,3971.75,3973.25,19.0,4.25
2023-03-01 11:12:20,3,2023-03-01 11:11:02,R,3972.0,0,64,3972.25,4,84,3972.5,189,315,3972.75,177,107,3973.0,4,80,3973.25,145,117,3973.5,20,0,3973.5,3973.5,3972.0,3972.0,19.0,4.25
2023-03-01 11:13:20,4,2023-03-01 11:11:02,R,3970.75,0,244,3971.0,207,45,3971.25,0,92,3971.5,50,285,3971.75,324,516,3972.0,498,192,3972.25,259,0,3971.75,3972.25,3970.75,3970.75,19.0,4.25
2023-03-01 11:13:40,-1,2023-03-01 11:11:02,R,3969.25,0,198,3969.5,195,209,3969.75,120,116,3970.0,2,119,3970.25,0,95,3970.5,1,237,3970.75,99,0,3970.5,3970.75,3969.25,3969.25,19.0,4.25
2023-03-01 11:13:46,0,2023-03-01 11:13:46,M,3967.5,0,108,3967.75,27,130,3968.0,5,132,3968.25,70,157,3968.5,140,83,3968.75,3,89,3969.0,0,99,3969.0,3969.0,3967.5,3967.5,4.25,15.0
2023-03-01 11:14:11,-1,2023-03-01 11:13:46,M,3966.0,0,147,3966.25,37,109,3966.5,128,337,3966.75,212,361,3967.0,154,450,3967.25,385,347,3967.5,134,0,3967.25,3967.5,3966.0,3966.0,4.25,15.0
2023-03-01 11:14:44,0,2023-03-01 11:14:44,M,3966.75,0,65,3967.0,471,0,3967.25,73,0,3967.5,77,61,3967.75,114,1,3968.0,48,4,3968.25,117,0,3967.0,3968.25,3966.75,3968.25,4.25,15.0
2023-03-01 11:15:10,-1,2023-03-01 11:14:44,M,3968.25,0,231,3968.5,115,331,3968.75,451,131,3969.0,138,203,3969.25,115,62,3969.5,214,82,3969.75,208,0,3968.5,3969.75,3968.25,3969.75,4.25,15.0
2023-03-01 11:18:20,0,2023-03-01 11:18:20,M,3967.5,0,28,3967.75,53,332,3968.0,198,294,3968.25,572,422,3968.5,218,334,3968.75,260,83,3969.0,106,0,3968.5,3969.0,3967.5,3969.0,4.25,15.0
2023-03-01 11:19:05,1,2023-03-01 11:18:20,M,3967.75,0,114,3968.0,31,136,3968.25,59,148,3968.5,38,74,3968.75,152,88,3969.0,6,89,3969.25,63,0,3969.25,3969.25,3967.75,3967.75,4.25,15.0
2023-03-01 11:20:08,2,2023-03-01 11:18:20,M,3966.75,0,124,3967.0,22,156,3967.25,0,237,3967.5,122,496,3967.75,247,175,3968.0,142,161,3968.25,53,0,3967.5,3968.25,3966.75,3966.75,4.25,15.0
2023-03-01 11:20:52,3,2023-03-01 11:18:20,M,3966.5,0,7,3966.75,88,5,3967.0,60,6,3967.25,125,102,3967.5,157,189,3967.75,211,246,3968.0,53,0,3966.5,3968.0,3966.5,3968.0,4.25,15.0
2023-03-01 11:21:37,4,2023-03-01 11:18:20,M,3967.75,0,6,3968.0,78,156,3968.25,205,177,3968.5,301,217,3968.75,156,127,3969.0,122,46,3969.25,14,0,3968.25,3969.25,3967.75,3969.25,4.25,14.75
2023-03-01 11:21:54,5,2023-03-01 11:18:20,M,3968.0,0,127,3968.25,78,40,3968.5,0,66,3968.75,34,87,3969.0,14,14,3969.25,0,59,3969.5,9,0,3969.5,3969.5,3968.0,3968.0,4.25,14.75
2023-03-01 11:22:24,6,2023-03-01 11:18:20,M,3967.0,0,24,3967.25,0,21,3967.5,0,112,3967.75,1,143,3968.0,179,152,3968.25,37,17,3968.5,121,0,3967.75,3968.5,3967.0,3967.0,4.25,14.75
2023-03-01 11:22:49,7,2023-03-01 11:18:20,M,3966.75,0,32,3967.0,76,0,3967.25,29,80,3967.5,146,17,3967.75,63,64,3968.0,147,78,3968.25,19,0,3966.75,3968.25,3966.75,3968.25,4.25,14.75
2023-03-01 11:23:09,-1,2023-03-01 11:18:20,M,3968.25,0,1,3968.5,87,70,3968.75,65,41,3969.0,44,0,3969.25,15,0,3969.5,94,0,3969.75,50,0,3968.5,3969.75,3968.25,3969.75,4.25,14.75
2023-03-01 11:24:33,0,2023-03-01 11:24:33,M,3967.0,0,78,3967.25,2,23,3967.5,18,99,3967.75,62,95,3968.0,132,110,3968.25,113,80,3968.5,18,97,3968.5,3968.5,3967.0,3967.0,4.25,14.75
2023-03-01 11:25:37,1,2023-03-01 11:24:33,M,3966.75,0,59,3967.0,161,359,3967.25,260,194,3967.5,238,203,3967.75,183,134,3968.0,540,38,3968.25,55,0,3966.75,3968.25,3966.75,3968.25,4.25,14.75
2023-03-01 11:25:57,-1,2023-03-01 11:24:33,M,3968.25,0,1,3968.5,129,1,3968.75,33,62,3969.0,313,88,3969.25,60,97,3969.5,116,65,3969.75,98,0,3968.5,3969.75,3968.25,3969.75,4.25,14.75
2023-03-01 11:29:42,0,2023-03-01 11:29:42,M,3967.0,0,127,3967.25,138,492,3967.5,255,81,3967.75,1,21,3968.0,0,32,3968.25,0,65,3968.5,3,0,3968.25,3968.5,3967.0,3967.0,4.25,14.75
2023-03-01 11:30:04,1,2023-03-01 11:29:42,M,3966.75,0,2,3967.0,17,53,3967.25,148,280,3967.5,289,128,3967.75,57,0,3968.0,10,3,3968.25,96,0,3966.75,3968.25,3966.75,3968.25,4.25,14.75
2023-03-01 11:30:32,2,2023-03-01 11:29:42,M,3967.25,0,28,3967.5,1,35,3967.75,41,147,3968.0,60,29,3968.25,37,266,3968.5,38,87,3968.75,115,0,3968.5,3968.75,3967.25,3967.25,4.25,14.75
2023-03-01 11:30:42,3,2023-03-01 11:29:42,M,3967.0,0,60,3967.25,73,1,3967.5,50,0,3967.75,18,39,3968.0,71,4,3968.25,62,44,3968.5,19,0,3967.0,3968.5,3967.0,3968.5,4.25,14.75
2023-03-01 11:32:32,4,2023-03-01 11:29:42,M,3967.5,0,247,3967.75,294,268,3968.0,183,174,3968.25,160,308,3968.5,133,751,3968.75,318,73,3969.0,48,0,3968.75,3969.0,3967.5,3967.5,4.25,14.75
2023-03-01 11:32:47,5,2023-03-01 11:29:42,M,3967.0,0,8,3967.25,131,36,3967.5,26,21,3967.75,40,0,3968.0,35,5,3968.25,68,1,3968.5,94,0,3967.25,3968.5,3967.0,3968.5,4.25,14.75
2023-03-01 11:34:47,6,2023-03-01 11:29:42,M,3967.25,0,59,3967.5,230,308,3967.75,225,386,3968.0,315,361,3968.25,261,377,3968.5,48,76,3968.75,274,0,3968.75,3968.75,3967.25,3967.25,4.25,14.75
2023-03-01 11:35:01,-1,2023-03-01 11:29:42,M,3965.5,0,39,3965.75,0,168,3966.0,165,251,3966.25,157,265,3966.5,138,129,3966.75,1,128,3967.0,0,55,3967.0,3967.0,3965.5,3965.5,4.25,14.5
2023-03-01 11:35:52,0,2023-03-01 11:35:52,M,3966.5,0,11,3966.75,0,9,3967.0,0,54,3967.25,0,61,3967.5,0,86,3967.75,60,77,3968.0,46,0,3967.75,3968.0,3966.5,3966.5,4.25,14.5
2023-03-01 11:36:16,1,2023-03-01 11:35:52,M,3966.25,0,84,3966.5,89,43,3966.75,140,64,3967.0,138,76,3967.25,160,9,3967.5,76,0,3967.75,79,0,3966.25,3967.75,3966.25,3967.75,4.25,14.5
2023-03-01 11:36:35,2,2023-03-01 11:35:52,M,3967.75,0,83,3968.0,112,1,3968.25,107,1,3968.5,208,253,3968.75,237,173,3969.0,130,94,3969.25,154,0,3968.0,3969.25,3967.75,3969.25,4.25,14.5
2023-03-01 11:37:02,3,2023-03-01 11:35:52,M,3968.0,0,379,3968.25,30,38,3968.5,0,64,3968.75,0,187,3969.0,146,132,3969.25,28,136,3969.5,34,0,3969.5,3969.5,3968.0,3968.0,4.25,14.5
2023-03-01 11:37:40,4,2023-03-01 11:35:52,M,3967.25,0,20,3967.5,27,149,3967.75,73,217,3968.0,133,251,3968.25,149,117,3968.5,97,56,3968.75,5,0,3967.75,3968.75,3967.25,3967.25,4.25,14.5
2023-03-01 11:38:15,-1,2023-03-01 11:35:52,M,3966.0,0,198,3966.25,136,320,3966.5,250,201,3966.75,70,48,3967.0,28,144,3967.25,23,25,3967.5,5,0,3967.0,3967.5,3966.0,3966.0,4.25,14.5
2023-03-01 11:40:15,0,2023-03-01 11:40:15,M,3967.0,0,26,3967.25,56,195,3967.5,98,20,3967.75,196,39,3968.0,62,1,3968.25,43,0,3968.5,44,0,3967.75,3968.5,3967.0,3968.5,4.25,14.5
2023-03-01 11:41:14,1,2023-03-01 11:40:15,M,3967.5,0,40,3967.75,34,69,3968.0,40,370,3968.25,745,199,3968.5,166,163,3968.75,89,3,3969.0,105,0,3968.75,3969.0,3967.5,3969.0,4.25,14.5
2023-03-01 11:41:34,2,2023-03-01 11:40:15,M,3968.75,0,120,3969.0,78,226,3969.25,221,29,3969.5,107,36,3969.75,106,125,3970.0,115,50,3970.25,24,0,3969.25,3970.25,3968.75,3968.75,4.25,14.5
2023-03-01 11:42:34,3,2023-03-01 11:40:15,M,3968.0,0,3,3968.25,55,132,3968.5,240,108,3968.75,62,75,3969.0,92,83,3969.25,236,255,3969.5,280,0,3968.5,3969.5,3968.0,3969.5,4.25,14.5
2023-03-01 11:43:01,4,2023-03-01 11:40:15,M,3968.5,0,145,3968.75,178,155,3969.0,45,111,3969.25,2,85,3969.5,25,194,3969.75,124,20,3970.0,5,0,3969.75,3970.0,3968.5,3968.5,4.25,14.5
2023-03-01 11:43:43,5,2023-03-01 11:40:15,M,3968.0,0,161,3968.25,183,234,3968.5,314,96,3968.75,207,84,3969.0,289,4,3969.25,23,0,3969.5,20,0,3968.25,3969.5,3968.0,3969.5,4.25,14.5
2023-03-01 11:44:32,6,2023-03-01 11:40:15,M,3968.5,0,2,3968.75,72,9,3969.0,37,88,3969.25,80,139,3969.5,17,360,3969.75,460,104,3970.0,182,0,3969.75,3970.0,3968.5,3970.0,4.25,14.5
2023-03-01 11:45:30,-1,2023-03-01 11:40:15,M,3969.5,0,79,3969.75,152,511,3970.0,241,497,3970.25,628,180,3970.5,189,1,3970.75,93,45,3971.0,125,0,3970.25,3971.0,3969.5,3971.0,4.25,14.5
2023-03-01 11:45:34,0,2023-03-01 11:45:34,R,3970.75,0,184,3971.0,44,39,3971.25,58,0,3971.5,80,0,3971.75,76,75,3972.0,137,0,3972.25,61,0,3971.25,3972.25,3970.75,3972.25,19.0,4.25
2023-03-01 11:45:44,1,2023-03-01 11:45:34,R,3971.0,0,57,3971.25,0,30,3971.5,86,66,3971.75,161,30,3972.0,1,153,3972.25,85,69,3972.5,18,0,3972.5,3972.5,3971.0,3971.0,19.0,4.25
2023-03-01 11:46:25,2,2023-03-01 11:45:34,R,3970.5,0,93,3970.75,0,81,3971.0,164,177,3971.25,311,339,3971.5,146,28,3971.75,12,34,3972.0,72,0,3970.75,3972.0,3970.5,3970.5,19.0,4.25
2023-03-01 11:46:44,-1,2023-03-01 11:45:34,R,3969.25,0,76,3969.5,0,38,3969.75,0,117,3970.0,0,124,3970.25,60,104,3970.5,47,86,3970.75,40,0,3970.25,3970.75,3969.25,3969.25,19.0,4.25
2023-03-01 11:47:22,0,2023-03-01 11:47:22,M,3967.75,0,32,3968.0,0,152,3968.25,253,247,3968.5,194,282,3968.75,434,172,3969.0,55,193,3969.25,111,0,3969.0,3969.25,3967.75,3967.75,4.25,14.5
2023-03-01 11:47:43,1,2023-03-01 11:47:22,M,3967.5,0,10,3967.75,136,7,3968.0,21,0,3968.25,30,72,3968.5,69,49,3968.75,104,0,3969.0,22,0,3967.5,3969.0,3967.5,3969.0,4.25,14.5
2023-03-01 11:48:11,-1,2023-03-01 11:47:22,M,3968.75,0,6,3969.0,74,307,3969.25,125,49,3969.5,35,8,3969.75,19,22,3970.0,169,7,3970.25,46,0,3969.25,3970.25,3968.75,3970.25,4.25,14.5
2023-03-01 11:51:39,0,2023-03-01 11:51:39,M,3967.5,0,97,3967.75,60,178,3968.0,65,154,3968.25,260,139,3968.5,187,139,3968.75,147,0,3969.0,34,0,3968.0,3969.0,3967.5,3969.0,4.25,14.25
2023-03-01 11:52:06,1,2023-03-01 11:51:39,M,3968.25,0,8,3968.5,0,29,3968.75,0,89,3969.0,187,61,3969.25,116,153,3969.5,108,75,3969.75,119,0,3969.25,3969.75,3968.25,3968.25,4.25,14.25
2023-03-01 11:52:47,2,2023-03-01 11:51:39,M,3968.0,0,47,3968.25,99,81,3968.5,149,41,3968.75,25,13,3969.0,49,20,3969.25,57,48,3969.5,451,0,3968.0,3969.5,3968.0,3969.5,4.25,14.25
2023-03-01 11:54:04,3,2023-03-01 11:51:39,M,3968.75,0,35,3969.0,113,114,3969.25,52,78,3969.5,0,110,3969.75,358,852,3970.0,872,104,3970.25,23,0,3969.75,3970.25,3968.75,3968.75,3.75,14.75
2023-03-01 11:55:16,4,2023-03-01 11:51:39,M,3968.25,0,29,3968.5,0,110,3968.75,106,218,3969.0,176,202,3969.25,163,134,3969.5,281,28,3969.75,9,0,3968.5,3969.75,3968.25,3968.25,3.75,14.75
2023-03-01 11:55:39,5,2023-03-01 11:51:39,M,3967.0,0,186,3967.25,160,148,3967.5,8,222,3967.75,3,105,3968.0,0,77,3968.25,46,55,3968.5,100,0,3968.0,3968.5,3967.0,3967.0,3.75,14.75
2023-03-01 11:58:00,6,2023-03-01 11:51:39,M,3966.5,0,195,3966.75,77,378,3967.0,470,744,3967.25,779,386,3967.5,327,200,3967.75,286,23,3968.0,6,0,3966.75,3968.0,3966.5,3966.5,4.25,14.25
2023-03-01 11:58:09,-1,2023-03-01 11:51:39,M,3965.0,0,101,3965.25,0,96,3965.5,2,37,3965.75,0,204,3966.0,58,209,3966.25,2,154,3966.5,129,0,3966.25,3966.5,3965.0,3965.0,4.25,14.25
2023-03-01 11:59:31,0,2023-03-01 11:59:31,M,3966.25,24,130,3966.5,169,383,3966.75,260,77,3967.0,162,64,3967.25,83,167,3967.5,35,77,3967.75,52,0,3966.25,3967.75,3966.25,3966.25,4.25,14.25
2023-03-01 12:00:10,-1,2023-03-01 11:59:31,M,3965.25,0,104,3965.5,85,154,3965.75,179,142,3966.0,43,159,3966.25,166,7,3966.5,36,5,3966.75,5,0,3966.0,3966.75,3965.25,3965.25,4.25,14.25
2023-03-01 12:47:00,0,2023-03-01 12:47:00,S,3953.0,0,214,3953.25,290,421,3953.5,719,419,3953.75,225,205,3954.0,19,267,3954.25,55,341,3954.5,2,0,3954.25,3954.5,3953.0,3953.0,13.75,11.0
2023-03-01 12:47:31,1,2023-03-01 12:47:00,S,3952.25,0,22,3952.5,114,166,3952.75,153,337,3953.0,61,265,3953.25,230,45,3953.5,111,0,3953.75,10,0,3952.75,3953.75,3952.25,3953.75,13.75,11.0
2023-03-01 12:49:01,2,2023-03-01 12:47:00,S,3953.25,0,2,3953.5,56,317,3953.75,360,291,3954.0,579,264,3954.25,440,103,3954.5,170,221,3954.75,344,0,3954.0,3954.75,3953.25,3954.75,14.0,10.75
2023-03-01 12:49:16,-1,2023-03-01 12:47:00,S,3954.75,0,1,3955.0,59,3,3955.25,112,1,3955.5,66,203,3955.75,282,41,3956.0,153,41,3956.25,142,0,3955.0,3956.25,3954.75,3956.25,14.0,10.75
2023-03-01 13:02:15,0,2023-03-01 13:02:15,S,3954.0,0,92,3954.25,71,468,3954.5,160,274,3954.75,173,325,3955.0,384,366,3955.25,193,41,3955.5,13,0,3954.25,3955.5,3954.0,3954.0,13.75,11.0
2023-03-01 13:02:44,1,2023-03-01 13:02:15,S,3952.5,0,24,3952.75,105,263,3953.0,423,534,3953.25,197,80,3953.5,177,314,3953.75,174,124,3954.0,59,0,3953.75,3954.0,3952.5,3954.0,13.75,11.0
2023-03-01 13:03:43,2,2023-03-01 13:02:15,S,3952.75,0,306,3953.0,191,117,3953.25,5,294,3953.5,192,192,3953.75,3,107,3954.0,53,85,3954.25,12,0,3954.25,3954.25,3952.75,3952.75,13.75,11.0
2023-03-01 13:04:18,3,2023-03-01 13:02:15,S,3951.25,0,16,3951.5,164,170,3951.75,103,175,3952.0,227,735,3952.25,497,138,3952.5,103,47,3952.75,63,0,3952.5,3952.75,3951.25,3952.75,13.75,11.0
2023-03-01 13:04:48,4,2023-03-01 13:02:15,S,3952.75,0,2,3953.0,167,147,3953.25,370,168,3953.5,213,24,3953.75,34,0,3954.0,76,3,3954.25,52,0,3953.0,3954.25,3952.75,3954.25,13.75,11.0
2023-03-01 13:05:04,5,2023-03-01 13:02:15,S,3953.0,0,52,3953.25,70,45,3953.5,7,24,3953.75,5,57,3954.0,2,79,3954.25,85,224,3954.5,75,0,3954.5,3954.5,3953.0,3953.0,13.75,11.0
2023-03-01 13:05:46,6,2023-03-01 13:02:15,S,3952.5,0,3,3952.75,115,290,3953.0,495,56,3953.25,108,34,3953.5,23,0,3953.75,16,0,3954.0,33,0,3952.75,3954.0,3952.5,3954.0,13.75,11.0
2023-03-01 13:07:04,7,2023-03-01 13:02:15,S,3952.75,0,25,3953.0,24,128,3953.25,72,600,3953.5,409,228,3953.75,154,360,3954.0,34,163,3954.25,18,0,3954.25,3954.25,3952.75,3952.75,13.75,11.0
2023-03-01 13:07:21,8,2023-03-01 13:02:15,S,3952.5,0,5,3952.75,6,62,3953.0,38,26,3953.25,36,3,3953.5,82,105,3953.75,21,56,3954.0,46,0,3952.5,3954.0,3952.5,3954.0,13.75,11.0
2023-03-01 13:07:42,9,2023-03-01 13:02:15,S,3952.75,0,20,3953.0,1,141,3953.25,11,20,3953.5,0,11,3953.75,0,116,3954.0,4,40,3954.25,4,0,3954.25,3954.25,3952.75,3952.75,13.75,11.0
2023-03-01 13:08:16,10,2023-03-01 13:02:15,S,3951.5,0,41,3951.75,0,113,3952.0,212,98,3952.25,5,43,3952.5,0,184,3952.75,391,68,3953.0,15,0,3952.5,3953.0,3951.5,3951.5,13.75,11.0
2023-03-01 13:09:06,11,2023-03-01 13:02:15,S,3951.25,0,70,3951.5,82,227,3951.75,336,420,3952.0,155,30,3952.25,46,2,3952.5,65,0,3952.75,46,0,3951.25,3952.75,3951.25,3952.75,14.0,10.75
2023-03-01 13:09:18,12,2023-03-01 13:02:15,S,3952.75,0,53,3953.0,40,18,3953.25,110,41,3953.5,226,68,3953.75,115,23,3954.0,312,0,3954.25,51,0,3953.0,3954.25,3952.75,3954.25,14.0,10.75
2023-03-01 13:10:10,13,2023-03-01 13:02:15,S,3953.0,0,2,3953.25,13,88,3953.5,62,146,3953.75,209,184,3954.0,157,189,3954.25,76,189,3954.5,116,0,3954.5,3954.5,3953.0,3954.5,14.0,10.75
2023-03-01 13:12:55,14,2023-03-01 13:02:15,S,3954.25,0,82,3954.5,78,256,3954.75,441,898,3955.0,800,682,3955.25,1264,510,3955.5,469,452,3955.75,39,0,3954.75,3955.75,3954.25,3954.25,13.75,11.0
2023-03-01 13:13:03,15,2023-03-01 13:02:15,S,3954.0,0,15,3954.25,34,0,3954.5,24,0,3954.75,41,0,3955.0,20,1,3955.25,49,0,3955.5,20,0,3954.0,3955.5,3954.0,3955.5,13.75,11.0
2023-03-01 13:14:10,-1,2023-03-01 13:02:15,S,3955.5,0,64,3955.75,211,352,3956.0,324,147,3956.25,180,304,3956.5,288,154,3956.75,226,12,3957.0,96,0,3955.75,3957.0,3955.5,3957.0,13.75,11.0
2023-03-01 13:16:05,0,2023-03-01 13:16:05,S,3953.0,0,179,3953.25,24,23,3953.5,0,93,3953.75,2,191,3954.0,1,69,3954.25,0,314,3954.5,146,140,3954.5,3954.5,3953.0,3953.0,13.75,11.0
2023-03-01 13:16:19,-1,2023-03-01 13:16:05,S,3952.0,0,149,3952.25,0,261,3952.5,156,205,3952.75,164,341,3953.0,278,249,3953.25,247,57,3953.5,1,0,3952.75,3953.5,3952.0,3952.0,13.75,11.0
2023-03-01 13:17:04,0,2023-03-01 13:17:04,S,3953.25,0,32,3953.5,391,45,3953.75,279,75,3954.0,73,81,3954.25,142,0,3954.5,52,0,3954.75,234,0,3953.5,3954.75,3953.25,3954.75,13.75,11.0
2023-03-01 13:18:09,1,2023-03-01 13:17:04,S,3953.5,0,340,3953.75,154,198,3954.0,167,68,3954.25,48,155,3954.5,187,211,3954.75,53,98,3955.0,141,0,3955.0,3955.0,3953.5,3953.5,13.75,11.0
2023-03-01 13:19:25,2,2023-03-01 13:17:04,S,3953.0,0,169,3953.25,87,309,3953.5,305,357,3953.75,249,74,3954.0,288,177,3954.25,85,18,3954.5,12,0,3953.25,3954.5,3953.0,3953.0,13.75,11.0
2023-03-01 13:20:14,3,2023-03-01 13:17:04,S,3952.25,0,11,3952.5,150,130,3952.75,51,341,3953.0,188,104,3953.25,305,38,3953.5,180,120,3953.75,65,0,3952.75,3953.75,3952.25,3953.75,14.0,10.75
2023-03-01 13:20:48,4,2023-03-01 13:17:04,S,3953.0,0,37,3953.25,23,268,3953.5,0,39,3953.75,111,148,3954.0,216,76,3954.25,35,35,3954.5,2,0,3954.0,3954.5,3953.0,3953.0,14.0,10.75
2023-03-01 13:22:13,5,2023-03-01 13:17:04,S,3952.5,0,58,3952.75,0,251,3953.0,249,355,3953.25,367,687,3953.5,700,114,3953.75,32,10,3954.0,1,0,3952.75,3954.0,3952.5,3952.5,14.0,10.75
2023-03-01 13:23:40,6,2023-03-01 13:17:04,S,3951.75,0,607,3952.0,627,742,3952.25,711,301,3952.5,487,40,3952.75,162,25,3953.0,32,4,3953.25,210,0,3952.25,3953.25,3951.75,3953.25,14.0,10.75
2023-03-01 13:24:56,7,2023-03-01 13:17:04,S,3952.75,0,67,3953.0,560,284,3953.25,114,318,3953.5,343,152,3953.75,137,305,3954.0,417,24,3954.25,230,0,3953.5,3954.25,3952.75,3954.25,14.0,10.75
2023-03-01 13:25:51,8,2023-03-01 13:17:04,S,3953.0,0,303,3953.25,35,197,3953.5,89,551,3953.75,217,236,3954.0,188,181,3954.25,10,39,3954.5,4,0,3954.5,3954.5,3953.0,3953.0,14.0,10.75
2023-03-01 13:27:09,-1,2023-03-01 13:17:04,S,3951.5,0,70,3951.75,22,116,3952.0,0,127,3952.25,87,937,3952.5,243,488,3952.75,557,66,3953.0,109,0,3952.75,3953.0,3951.5,3951.5,14.0,10.75
2023-03-01 14:01:35,0,2023-03-01 14:01:35,S,3951.75,0,10,3952.0,408,11,3952.25,107,296,3952.5,699,257,3952.75,361,0,3953.0,128,126,3953.25,329,0,3952.0,3953.25,3951.75,3953.25,15.0,9.75
2023-03-01 14:02:15,1,2023-03-01 14:01:35,S,3952.0,0,103,3952.25,7,112,3952.5,10,85,3952.75,0,205,3953.0,210,431,3953.25,344,324,3953.5,227,0,3953.5,3953.5,3952.0,3952.0,15.0,9.75
2023-03-01 14:02:42,2,2023-03-01 14:01:35,S,3951.5,0,32,3951.75,0,173,3952.0,383,170,3952.25,147,31,3952.5,30,82,3952.75,126,18,3953.0,1,0,3951.75,3953.0,3951.5,3951.5,15.0,9.75
2023-03-01 14:03:36,3,2023-03-01 14:01:35,S,3950.5,0,14,3950.75,39,233,3951.0,122,128,3951.25,215,330,3951.5,162,190,3951.75,185,277,3952.0,170,0,3951.25,3952.0,3950.5,3952.0,15.0,9.75
2023-03-01 14:04:22,4,2023-03-01 14:01:35,S,3951.0,0,100,3951.25,141,145,3951.5,156,196,3951.75,130,169,3952.0,278,194,3952.25,390,0,3952.5,56,0,3952.25,3952.5,3951.0,3952.5,15.0,9.75
2023-03-01 14:04:54,5,2023-03-01 14:01:35,S,3951.5,0,123,3951.75,6,73,3952.0,0,87,3952.25,0,45,3952.5,162,232,3952.75,162,144,3953.0,26,0,3952.75,3953.0,3951.5,3951.5,15.0,9.75
2023-03-01 14:05:51,6,2023-03-01 14:01:35,S,3951.0,0,21,3951.25,16,185,3951.5,279,81,3951.75,236,128,3952.0,265,157,3952.25,147,15,3952.5,44,0,3951.25,3952.5,3951.0,3952.5,15.0,9.75
2023-03-01 14:07:33,7,2023-03-01 14:01:35,S,3952.0,0,244,3952.25,12,243,3952.5,178,524,3952.75,634,710,3953.0,630,314,3953.25,251,150,3953.5,196,0,3952.75,3953.5,3952.0,3952.0,15.25,9.5
2023-03-01 14:08:25,8,2023-03-01 14:01:35,S,3950.5,0,21,3950.75,25,137,3951.0,80,48,3951.25,19,454,3951.5,644,173,3951.75,99,98,3952.0,32,0,3951.75,3952.0,3950.5,3952.0,15.25,9.5
2023-03-01 14:09:27,9,2023-03-01 14:01:35,S,3951.5,0,124,3951.75,73,123,3952.0,193,159,3952.25,219,229,3952.5,193,83,3952.75,44,1,3953.0,84,0,3952.25,3953.0,3951.5,3953.0,15.25,9.5
2023-03-01 14:09:37,-1,2023-03-01 14:01:35,S,3953.0,0,1,3953.25,111,32,3953.5,104,0,3953.75,163,13,3954.0,549,109,3954.25,341,66,3954.5,202,0,3953.25,3954.5,3953.0,3954.5,15.25,9.5
2023-03-01 14:16:55,0,2023-03-01 14:16:55,S,3952.0,0,178,3952.25,204,155,3952.5,230,265,3952.75,226,284,3953.0,290,362,3953.25,307,18,3953.5,55,0,3952.75,3953.5,3952.0,3953.5,15.0,9.75
2023-03-01 14:17:27,-1,2023-03-01 14:16:55,S,3953.25,0,14,3953.5,110,127,3953.75,97,150,3954.0,144,10,3954.25,82,7,3954.5,157,1,3954.75,42,0,3953.75,3954.75,3953.25,3954.75,15.0,9.75
2023-03-01 14:23:58,0,2023-03-01 14:23:58,S,3952.0,0,540,3952.25,688,258,3952.5,329,322,3952.75,233,259,3953.0,107,177,3953.25,133,15,3953.5,6,0,3953.0,3953.5,3952.0,3952.0,15.0,9.75
2023-03-01 14:25:13,1,2023-03-01 14:23:58,S,3951.25,0,106,3951.5,0,287,3951.75,276,685,3952.0,744,599,3952.25,363,129,3952.5,48,79,3952.75,71,0,3951.75,3952.75,3951.25,3951.25,15.0,9.75
2023-03-01 14:26:57,2,2023-03-01 14:23:58,S,3950.25,0,196,3950.5,166,158,3950.75,226,589,3951.0,323,741,3951.25,884,442,3951.5,349,249,3951.75,126,0,3951.0,3951.75,3950.25,3951.75,15.0,9.75
2023-03-01 14:27:58,3,2023-03-01 14:23:58,S,3951.0,0,64,3951.25,52,298,3951.5,211,148,3951.75,308,191,3952.0,338,28,3952.25,154,0,3952.5,120,0,3952.0,3952.5,3951.0,3952.5,15.0,9.75
2023-03-01 14:28:33,4,2023-03-01 14:23:58,S,3951.75,0,67,3952.0,0,74,3952.25,0,173,3952.5,257,185,3952.75,279,181,3953.0,428,182,3953.25,97,0,3952.75,3953.25,3951.75,3951.75,15.25,9.5
2023-03-01 14:30:02,5,2023-03-01 14:23:58,S,3950.5,0,327,3950.75,142,294,3951.0,219,253,3951.25,282,314,3951.5,196,384,3951.75,194,90,3952.0,60,0,3951.5,3952.0,3950.5,3950.5,15.25,9.5
2023-03-01 14:30:09,6,2023-03-01 14:23:58,S,3950.25,0,4,3950.5,38,6,3950.75,18,0,3951.0,11,0,3951.25,51,0,3951.5,42,52,3951.75,88,0,3950.25,3951.75,3950.25,3951.75,15.25,9.5
2023-03-01 14:31:03,7,2023-03-01 14:23:58,S,3950.75,0,135,3951.0,147,152,3951.25,72,201,3951.5,434,123,3951.75,149,88,3952.0,165,99,3952.25,135,0,3952.0,3952.25,3950.75,3952.25,15.25,9.5
2023-03-01 14:32:04,8,2023-03-01 14:23:58,S,3951.0,0,7,3951.25,52,86,3951.5,99,63,3951.75,56,84,3952.0,123,51,3952.25,273,401,3952.5,1188,0,3952.5,3952.5,3951.0,3952.5,15.25,9.5
2023-03-01 14:32:28,9,2023-03-01 14:23:58,S,3952.5,0,64,3952.75,155,2,3953.0,153,52,3953.25,73,167,3953.5,250,4,3953.75,232,46,3954.0,85,0,3952.75,3954.0,3952.5,3954.0,15.25,9.5
2023-03-01 14:32:57,-1,2023-03-01 14:23:58,S,3953.25,0,92,3953.5,46,135,3953.75,260,257,3954.0,167,99,3954.25,166,2,3954.5,202,120,3954.75,295,0,3954.25,3954.75,3953.25,3954.75,15.25,9.5
2023-03-01 14:35:45,0,2023-03-01 14:35:45,S,3952.25,0,68,3952.5,1,93,3952.75,0,180,3953.0,216,144,3953.25,130,99,3953.5,52,10,3953.75,12,0,3953.0,3953.75,3952.25,3952.25,15.25,9.5
2023-03-01 14:36:03,1,2023-03-01 14:35:45,S,3951.75,0,153,3952.0,173,320,3952.25,57,42,3952.5,27,0,3952.75,56,0,3953.0,109,27,3953.25,45,0,3952.0,3953.25,3951.75,3953.25,15.25,9.5
2023-03-01 14:36:32,-1,2023-03-01 14:35:45,S,3953.25,0,266,3953.5,179,47,3953.75,413,3,3954.0,34,21,3954.25,14,72,3954.5,20,120,3954.75,201,0,3953.5,3954.75,3953.25,3954.75,15.25,9.5
2023-03-01 14:57:27,0,2023-03-01 14:57:27,M,3955.0,0,1349,3955.25,1341,1074,3955.5,1229,557,3955.75,653,131,3956.0,204,65,3956.25,170,6,3956.5,132,0,3955.0,3956.5,3955.0,3956.5,13.0,6.25
2023-03-01 14:59:09,-1,2023-03-01 14:57:27,M,3955.25,0,18,3955.5,109,457,3955.75,510,1089,3956.0,1095,1589,3956.25,1412,1828,3956.5,1008,347,3956.75,319,0,3956.75,3956.75,3955.25,3956.75,13.0,6.25
2023-03-01 15:04:06,0,2023-03-01 15:04:06,M,3955.75,0,661,3956.0,844,1860,3956.25,2100,2795,3956.5,2784,1725,3956.75,783,410,3957.0,195,117,3957.25,9,0,3956.5,3957.25,3955.75,3955.75,11.25,7.75
2023-03-01 15:05:00,1,2023-03-01 15:04:06,M,3954.5,0,317,3954.75,575,381,3955.0,508,606,3955.25,209,79,3955.5,147,345,3955.75,395,178,3956.0,158,0,3955.5,3956.0,3954.5,3956.0,11.25,7.75
2023-03-01 15:05:00,2,2023-03-01 15:04:06,M,3955.0,0,4,3955.25,0,1,3955.5,0,1,3956.0,5,16,3956.25,103,14,3956.5,111,0,0.0,0,0,3956.25,3956.5,3955.0,3956.5,11.25,7.75
2023-03-01 15:05:01,3,2023-03-01 15:04:06,M,3956.0,0,155,3956.25,322,194,3956.5,30,226,3956.75,82,122,3957.0,164,188,3957.25,217,33,3957.5,9,0,3956.75,3957.5,3956.0,3956.0,11.25,7.75
2023-03-01 15:05:13,4,2023-03-01 15:04:06,M,3955.5,0,1,3955.75,46,179,3956.0,223,97,3956.25,260,176,3956.5,188,61,3956.75,36,0,3957.0,119,0,3955.75,3957.0,3955.5,3957.0,11.25,7.75
2023-03-01 15:05:44,5,2023-03-01 15:04:06,M,3956.0,0,238,3956.25,258,389,3956.5,165,268,3956.75,219,298,3957.0,13,79,3957.25,62,122,3957.5,91,0,3957.25,3957.5,3956.0,3956.0,11.25,7.75
2023-03-01 15:07:21,6,2023-03-01 15:04:06,M,3955.5,0,12,3955.75,84,279,3956.0,313,234,3956.25,291,449,3956.5,442,378,3956.75,453,147,3957.0,151,0,3955.75,3957.0,3955.5,3957.0,11.25,7.75
2023-03-01 15:08:10,7,2023-03-01 15:04:06,M,3956.25,0,23,3956.5,0,131,3956.75,76,192,3957.0,53,186,3957.25,133,152,3957.5,125,68,3957.75,6,0,3957.25,3957.75,3956.25,3956.25,11.25,7.75
2023-03-01 15:10:47,8,2023-03-01 15:04:06,M,3955.75,0,46,3956.0,281,478,3956.25,355,602,3956.5,347,115,3956.75,124,111,3957.0,179,185,3957.25,166,0,3956.0,3957.25,3955.75,3957.25,11.25,7.75
2023-03-01 15:12:50,-1,2023-03-01 15:04:06,M,3956.75,0,4,3957.0,37,417,3957.25,705,477,3957.5,278,139,3957.75,263,44,3958.0,147,4,3958.25,111,0,3957.5,3958.25,3956.75,3958.25,11.25,7.75
2023-03-02 09:41:06,0,2023-03-02 09:41:06,R,3944.5,0,19,3944.75,19,351,3945.0,739,602,3945.25,386,460,3945.5,601,481,3945.75,202,84,3946.0,95,0,3945.25,3946.0,3944.5,3946.0,20.5,10.0
2023-03-02 09:41:22,1,2023-03-02 09:41:06,R,3945.0,0,136,3945.25,28,35,3945.5,0,58,3945.75,44,232,3946.0,83,24,3946.25,46,97,3946.5,20,0,3946.25,3946.5,3945.0,3945.0,20.5,10.0
2023-03-02 09:42:10,2,2023-03-02 09:41:06,R,3944.5,0,68,3944.75,12,234,3945.0,135,304,3945.25,243,241,3945.5,132,76,3945.75,78,206,3946.0,105,0,3944.75,3946.0,3944.5,3944.5,20.25,10.25
2023-03-02 09:42:29,3,2023-03-02 09:41:06,R,3943.75,0,173,3944.0,0,126,3944.25,1,165,3944.5,222,173,3944.75,208,38,3945.0,51,1,3945.25,3,0,3944.25,3945.25,3943.75,3943.75,20.25,10.25
2023-03-02 09:42:53,4,2023-03-02 09:41:06,R,3943.0,0,155,3943.25,249,182,3943.5,186,274,3943.75,222,53,3944.0,265,116,3944.25,217,73,3944.5,185,0,3943.5,3944.5,3943.0,3944.5,20.25,10.25
2023-03-02 09:43:48,5,2023-03-02 09:41:06,R,3943.75,0,122,3944.0,142,38,3944.25,62,115,3944.5,320,254,3944.75,281,398,3945.0,434,73,3945.25,102,0,3944.75,3945.25,3943.75,3945.25,20.5,10.0
2023-03-02 09:44:10,6,2023-03-02 09:41:06,R,3944.75,0,27,3945.0,152,103,3945.25,91,53,3945.5,96,141,3945.75,137,160,3946.0,155,39,3946.25,28,0,3945.5,3946.25,3944.75,3944.75,20.5,10.0
2023-03-02 09:44:52,7,2023-03-02 09:41:06,R,3944.5,0,69,3944.75,29,134,3945.0,155,95,3945.25,125,74,3945.5,153,119,3945.75,129,215,3946.0,72,0,3944.5,3946.0,3944.5,3946.0,20.5,10.0
2023-03-02 09:46:03,8,2023-03-02 09:41:06,R,3944.75,0,33,3945.0,86,487,3945.25,389,184,3945.5,193,230,3945.75,366,179,3946.0,233,115,3946.25,244,0,3946.25,3946.25,3944.75,3946.25,20.25,10.25
2023-03-02 09:46:17,9,2023-03-02 09:41:06,R,3945.25,0,30,3945.5,5,40,3945.75,89,36,3946.0,1,41,3946.25,0,194,3946.5,258,144,3946.75,29,0,3946.5,3946.75,3945.25,3945.25,20.25,10.25
2023-03-02 09:47:15,10,2023-03-02 09:41:06,R,3943.75,0,174,3944.0,290,163,3944.25,134,464,3944.5,299,345,3944.75,238,260,3945.0,297,19,3945.25,1,0,3945.0,3945.25,3943.75,3943.75,20.25,10.25
2023-03-02 09:47:45,11,2023-03-02 09:41:06,R,3943.5,0,11,3943.75,41,13,3944.0,99,59,3944.25,94,72,3944.5,190,164,3944.75,188,12,3945.0,110,0,3943.5,3945.0,3943.5,3945.0,20.25,10.25
2023-03-02 09:48:08,12,2023-03-02 09:41:06,R,3945.25,110,0,3945.5,21,4,3945.75,168,29,3946.0,215,65,3946.25,66,30,3946.5,107,145,3946.75,229,0,3945.25,3946.75,3945.25,3946.75,20.25,10.25
2023-03-02 09:48:16,13,2023-03-02 09:41:06,R,3945.5,0,49,3945.75,18,50,3946.0,3,30,3946.25,0,24,3946.5,33,20,3946.75,32,43,3947.0,45,0,3947.0,3947.0,3945.5,3945.5,20.25,10.25
2023-03-02 09:48:39,14,2023-03-02 09:41:06,R,3944.25,0,39,3944.5,42,136,3944.75,143,118,3945.0,173,94,3945.25,155,88,3945.5,76,0,3945.75,24,0,3945.25,3945.75,3944.25,3945.75,20.25,10.25
2023-03-02 09:49:02,15,2023-03-02 09:41:06,R,3945.0,0,174,3945.25,6,35,3945.5,0,131,3945.75,278,110,3946.0,165,31,3946.25,27,53,3946.5,3,0,3946.0,3946.5,3945.0,3945.0,20.25,10.25
2023-03-02 09:50:04,16,2023-03-02 09:41:06,R,3944.25,0,258,3944.5,249,353,3944.75,476,116,3945.0,237,76,3945.25,21,0,3945.5,122,0,3945.75,86,0,3944.75,3945.75,3944.25,3945.75,20.25,10.25
2023-03-02 09:50:16,17,2023-03-02 09:41:06,R,3945.5,0,13,3945.75,99,19,3946.0,41,0,3946.25,48,0,3946.5,108,40,3946.75,131,35,3947.0,239,0,3946.0,3947.0,3945.5,3947.0,20.25,10.25
2023-03-02 09:51:03,-1,2023-03-02 09:41:06,R,3946.0,0,3,3946.25,23,114,3946.5,93,84,3946.75,115,302,3947.0,224,487,3947.25,402,0,3947.5,124,0,3947.25,3947.5,3946.0,3947.5,20.25,10.25
2023-03-02 10:24:56,0,2023-03-02 10:24:56,R,3946.25,0,223,3946.5,23,258,3946.75,166,181,3947.0,10,136,3947.25,255,112,3947.5,21,85,3947.75,123,0,3947.0,3947.75,3946.25,3946.25,18.75,11.75
2023-03-02 10:25:40,1,2023-03-02 10:24:56,R,3946.0,0,42,3946.25,239,340,3946.5,234,204,3946.75,260,51,3947.0,260,158,3947.25,191,131,3947.5,75,0,3946.0,3947.5,3946.0,3947.5,18.75,11.75
2023-03-02 10:26:40,2,2023-03-02 10:24:56,R,3946.5,0,133,3946.75,88,458,3947.0,406,85,3947.25,169,186,3947.5,69,69,3947.75,156,101,3948.0,230,0,3947.75,3948.0,3946.5,3948.0,18.75,11.75
2023-03-02 10:27:21,3,2023-03-02 10:24:56,R,3947.0,0,20,3947.25,0,104,3947.5,0,171,3947.75,39,382,3948.0,144,311,3948.25,183,18,3948.5,34,0,3948.25,3948.5,3947.0,3947.0,18.75,11.75
2023-03-02 10:27:57,4,2023-03-02 10:24:56,R,3946.25,0,125,3946.5,100,188,3946.75,7,185,3947.0,58,30,3947.25,87,195,3947.5,446,122,3947.75,126,0,3946.75,3947.75,3946.25,3946.25,18.75,11.75
2023-03-02 10:28:26,-1,2023-03-02 10:24:56,R,3945.0,0,174,3945.25,0,82,3945.5,125,431,3945.75,80,312,3946.0,225,114,3946.25,226,40,3946.5,29,0,3946.0,3946.5,3945.0,3945.0,18.75,11.75
2023-03-02 10:31:06,0,2023-03-02 10:31:06,R,3945.25,0,55,3945.5,38,186,3945.75,190,88,3946.0,42,39,3946.25,110,153,3946.5,64,0,3946.75,50,0,3946.25,3946.75,3945.25,3946.75,18.75,11.75
2023-03-02 10:31:54,1,2023-03-02 10:31:06,R,3946.5,0,166,3946.75,90,196,3947.0,424,95,3947.25,351,154,3947.5,144,205,3947.75,190,216,3948.0,26,0,3947.0,3948.0,3946.5,3946.5,18.75,11.75
2023-03-02 10:32:41,2,2023-03-02 10:31:06,R,3946.0,0,6,3946.25,54,181,3946.5,93,81,3946.75,342,725,3947.0,164,345,3947.25,240,0,3947.5,84,0,3946.25,3947.5,3946.0,3947.5,18.75,11.75
2023-03-02 10:33:12,3,2023-03-02 10:31:06,R,3946.25,0,125,3946.5,138,251,3946.75,191,115,3947.0,71,339,3947.25,477,159,3947.5,3,179,3947.75,6,0,3947.75,3947.75,3946.25,3946.25,18.75,11.75
2023-03-02 10:33:55,-1,2023-03-02 10:31:06,R,3944.75,0,154,3945.0,298,202,3945.25,104,463,3945.5,355,417,3945.75,138,39,3946.0,0,243,3946.25,36,0,3946.0,3946.25,3944.75,3944.75,18.75,11.75
2023-03-02 10:48:34,0,2023-03-02 10:48:34,M,3944.5,0,377,3944.75,220,312,3945.0,471,176,3945.25,140,388,3945.5,729,385,3945.75,320,149,3946.0,12,0,3945.0,3946.0,3944.5,3944.5,2.5,11.5
2023-03-02 10:49:14,1,2023-03-02 10:48:34,M,3944.25,0,9,3944.5,33,1,3944.75,60,25,3945.0,46,0,3945.25,172,238,3945.5,247,43,3945.75,99,0,3944.25,3945.75,3944.25,3945.75,2.5,11.5
2023-03-02 10:50:23,2,2023-03-02 10:48:34,M,3945.25,0,164,3945.5,209,46,3945.75,44,207,3946.0,320,237,3946.25,363,52,3946.5,126,330,3946.75,246,0,3946.0,3946.75,3945.25,3946.75,2.5,11.5
2023-03-02 10:51:36,-1,2023-03-02 10:48:34,M,3947.0,95,88,3947.25,144,439,3947.5,449,331,3947.75,235,439,3948.0,770,458,3948.25,457,234,3948.5,150,0,3947.0,3948.5,3947.0,3947.0,2.5,11.5
2023-03-02 10:52:15,0,2023-03-02 10:52:15,M,3945.5,0,62,3945.75,49,154,3946.0,7,211,3946.25,64,464,3946.5,167,257,3946.75,189,157,3947.0,26,0,3946.75,3947.0,3945.5,3945.5,3.0,11.0
2023-03-02 10:53:32,1,2023-03-02 10:52:15,M,3944.25,0,133,3944.5,217,226,3944.75,9,277,3945.0,311,417,3945.25,332,83,3945.5,358,70,3945.75,7,0,3945.25,3945.75,3944.25,3944.25,3.0,11.0
2023-03-02 10:54:14,-1,2023-03-02 10:52:15,M,3943.25,0,126,3943.5,0,130,3943.75,0,149,3944.0,125,198,3944.25,126,160,3944.5,118,110,3944.75,320,0,3944.0,3944.75,3943.25,3943.25,3.0,11.0
2023-03-02 10:58:35,0,2023-03-02 10:58:35,M,3945.25,0,74,3945.5,152,142,3945.75,228,483,3946.0,703,697,3946.25,281,22,3946.5,98,62,3946.75,213,0,3945.5,3946.75,3945.25,3946.75,3.0,11.0
2023-03-02 11:00:03,-1,2023-03-02 10:58:35,M,3946.25,0,126,3946.5,242,439,3946.75,354,384,3947.0,687,258,3947.25,211,371,3947.5,502,183,3947.75,243,0,3947.0,3947.75,3946.25,3947.75,3.0,11.0
2023-03-02 11:00:57,0,2023-03-02 11:00:57,R,3947.0,0,9,3947.25,131,293,3947.5,216,217,3947.75,273,273,3948.0,312,252,3948.25,169,0,3948.5,61,0,3948.0,3948.5,3947.0,3948.5,17.0,3.0
2023-03-02 11:02:19,1,2023-03-02 11:00:57,R,3948.0,0,190,3948.25,40,273,3948.5,210,710,3948.75,650,652,3949.0,304,340,3949.25,157,89,3949.5,34,0,3948.75,3949.5,3948.0,3948.0,16.75,3.25
2023-03-02 11:04:07,2,2023-03-02 11:00:57,R,3947.5,0,69,3947.75,165,174,3948.0,702,503,3948.25,441,203,3948.5,153,242,3948.75,248,49,3949.0,102,0,3947.75,3949.0,3947.5,3949.0,16.75,3.25
2023-03-02 11:05:52,3,2023-03-02 11:00:57,R,3947.75,0,122,3948.0,250,78,3948.25,126,253,3948.5,194,573,3948.75,344,217,3949.0,140,209,3949.25,65,0,3949.25,3949.25,3947.75,3947.75,16.75,3.25
2023-03-02 11:06:37,4,2023-03-02 11:00:57,R,3947.0,0,108,3947.25,85,228,3947.5,484,218,3947.75,108,0,3948.0,7,1,3948.25,25,169,3948.5,96,0,3947.5,3948.5,3947.0,3948.5,16.75,3.25
2023-03-02 11:07:34,5,2023-03-02 11:00:57,R,3947.5,0,128,3947.75,110,187,3948.0,125,130,3948.25,25,115,3948.5,59,197,3948.75,98,103,3949.0,43,0,3948.75,3949.0,3947.5,3947.5,16.75,3.25
2023-03-02 11:09:26,6,2023-03-02 11:00:57,R,3946.5,0,162,3946.75,81,120,3947.0,100,905,3947.25,410,353,3947.5,471,89,3947.75,381,0,3948.0,83,0,3947.25,3948.0,3946.5,3948.0,16.75,3.25
2023-03-02 11:10:28,7,2023-03-02 11:00:57,R,3947.0,0,105,3947.25,87,144,3947.5,38,49,3947.75,0,333,3948.0,127,175,3948.25,161,97,3948.5,72,0,3948.25,3948.5,3947.0,3947.0,16.75,3.25
2023-03-02 11:11:55,-1,2023-03-02 11:00:57,R,3946.25,0,115,3946.5,109,202,3946.75,186,370,3947.0,296,148,3947.25,320,171,3947.5,183,32,3947.75,28,0,3946.75,3947.75,3946.25,3946.25,16.75,1.75
2023-03-02 11:14:35,0,2023-03-02 11:14:35,M,3946.25,0,145,3946.5,72,238,3946.75,132,228,3947.0,225,173,3947.25,231,107,3947.5,232,111,3947.75,16,0,3947.0,3947.75,3946.25,3946.25,1.75,12.25
2023-03-02 11:17:04,-1,2023-03-02 11:14:35,M,3945.25,0,68,3945.5,60,238,3945.75,174,621,3946.0,382,498,3946.25,390,300,3946.5,524,71,3946.75,29,0,3946.0,3946.75,3945.25,3945.25,1.75,12.25
2023-03-02 11:25:09,0,2023-03-02 11:25:09,M,3944.25,0,132,3944.5,188,6,3944.75,184,92,3945.0,271,166,3945.25,411,305,3945.5,205,22,3945.75,81,0,3944.5,3945.75,3944.25,3945.75,3.25,10.5
2023-03-02 11:26:04,1,2023-03-02 11:25:09,M,3944.5,0,15,3944.75,267,78,3945.0,116,200,3945.25,250,205,3945.5,140,69,3945.75,138,43,3946.0,84,0,3946.0,3946.0,3944.5,3946.0,3.25,10.5
2023-03-02 11:28:17,-1,2023-03-02 11:25:09,M,3946.0,0,65,3946.25,274,430,3946.5,345,679,3946.75,786,341,3947.0,576,103,3947.25,273,100,3947.5,90,0,3946.25,3947.5,3946.0,3947.5,2.0,11.75
2023-03-02 11:29:53,0,2023-03-02 11:29:53,R,3947.25,0,61,3947.5,95,277,3947.75,518,572,3948.0,611,331,3948.25,103,98,3948.5,149,42,3948.75,78,0,3947.75,3948.75,3947.25,3947.25,16.75,2.0
2023-03-02 11:30:22,1,2023-03-02 11:29:53,R,3946.75,0,17,3947.0,99,105,3947.25,120,20,3947.5,70,21,3947.75,33,16,3948.0,66,0,3948.25,146,0,3947.0,3948.25,3946.75,3948.25,16.75,2.0
2023-03-02 11:31:27,2,2023-03-02 11:29:53,R,3948.0,0,158,3948.25,209,352,3948.5,301,164,3948.75,282,111,3949.0,196,29,3949.25,187,6,3949.5,227,0,3948.5,3949.5,3948.0,3949.5,16.75,2.0
2023-03-02 11:31:38,-1,2023-03-02 11:29:53,R,3949.75,223,0,3950.0,270,0,3950.25,125,39,3950.5,229,0,3950.75,81,275,3951.0,612,409,3951.25,285,0,3949.75,3951.25,3949.75,3951.25,16.75,2.0
2023-03-02 11:39:09,0,2023-03-02 11:39:09,R,3948.5,0,224,3948.75,345,237,3949.0,207,107,3949.25,1,159,3949.5,30,153,3949.75,96,32,3950.0,128,0,3949.5,3950.0,3948.5,3948.5,16.75,2.0
2023-03-02 11:40:40,1,2023-03-02 11:39:09,R,3948.0,0,219,3948.25,179,167,3948.5,58,57,3948.75,194,335,3949.0,562,274,3949.25,170,189,3949.5,31,0,3948.25,3949.5,3948.0,3948.0,16.5,2.25
2023-03-02 11:42:54,2,2023-03-02 11:39:09,R,3947.25,0,478,3947.5,252,600,3947.75,146,280,3948.0,121,254,3948.25,88,282,3948.5,343,185,3948.75,292,0,3947.75,3948.75,3947.25,3947.25,16.5,2.25
2023-03-02 11:44:19,3,2023-03-02 11:39:09,R,3946.75,0,116,3947.0,165,559,3947.25,443,194,3947.5,407,138,3947.75,147,16,3948.0,72,5,3948.25,45,0,3947.0,3948.25,3946.75,3948.25,16.5,2.0
2023-03-02 11:45:42,4,2023-03-02 11:39:09,R,3947.5,0,192,3947.75,16,107,3948.0,104,210,3948.25,35,304,3948.5,427,248,3948.75,491,219,3949.0,23,0,3948.5,3949.0,3947.5,3947.5,16.5,2.0
2023-03-02 11:47:32,5,2023-03-02 11:39:09,R,3946.75,0,37,3947.0,163,324,3947.25,211,81,3947.5,69,109,3947.75,350,323,3948.0,481,117,3948.25,115,0,3947.25,3948.25,3946.75,3948.25,16.5,2.0
2023-03-02 11:49:10,6,2023-03-02 11:39:09,R,3947.25,0,58,3947.5,46,184,3947.75,92,233,3948.0,126,232,3948.25,65,235,3948.5,262,112,3948.75,155,0,3948.5,3948.75,3947.25,3947.25,16.5,2.0
2023-03-02 11:50:49,7,2023-03-02 11:39:09,R,3946.5,0,125,3946.75,116,219,3947.0,133,360,3947.25,247,68,3947.5,91,72,3947.75,72,81,3948.0,65,0,3947.0,3948.0,3946.5,3948.0,16.5,2.0
2023-03-02 11:52:25,8,2023-03-02 11:39:09,R,3948.0,0,11,3948.25,250,209,3948.5,478,264,3948.75,116,240,3949.0,399,336,3949.25,91,0,3949.5,117,0,3948.25,3949.5,3948.0,3949.5,16.5,2.0
2023-03-02 11:53:31,-1,2023-03-02 11:39:09,R,3949.0,0,10,3949.25,36,101,3949.5,77,224,3949.75,437,418,3950.0,442,94,3950.25,81,81,3950.5,127,0,3949.75,3950.5,3949.0,3950.5,16.5,2.0
2023-03-02 12:08:38,0,2023-03-02 12:08:38,R,3948.25,0,26,3948.5,193,110,3948.75,173,513,3949.0,488,559,3949.25,130,204,3949.5,360,244,3949.75,127,55,3949.75,3949.75,3948.25,3949.75,16.5,2.0
2023-03-02 12:11:10,-1,2023-03-02 12:08:38,R,3949.25,0,100,3949.5,138,357,3949.75,267,186,3950.0,254,272,3950.25,314,96,3950.5,327,153,3950.75,283,0,3950.0,3950.75,3949.25,3950.75,16.5,2.0
2023-03-02 12:16:59,0,2023-03-02 12:16:59,R,3948.75,0,66,3949.0,1,81,3949.25,3,169,3949.5,86,201,3949.75,331,128,3950.0,111,173,3950.25,90,0,3949.75,3950.25,3948.75,3948.75,16.5,2.0
2023-03-02 12:18:04,1,2023-03-02 12:16:59,R,3948.0,0,207,3948.25,127,243,3948.5,277,262,3948.75,128,218,3949.0,193,0,3949.25,26,11,3949.5,63,0,3948.5,3949.5,3948.0,3949.5,16.5,2.0
2023-03-02 12:20:01,-1,2023-03-02 12:16:59,R,3949.5,0,2,3949.75,164,181,3950.0,265,178,3950.25,252,34,3950.5,202,232,3950.75,167,312,3951.0,221,0,3949.75,3951.0,3949.5,3951.0,16.5,2.0
2023-03-02 12:25:54,0,2023-03-02 12:25:54,R,3948.5,0,77,3948.75,19,122,3949.0,32,277,3949.25,368,241,3949.5,27,219,3949.75,194,132,3950.0,124,0,3949.75,3950.0,3948.5,3948.5,16.5,2.0
2023-03-02 12:26:52,1,2023-03-02 12:25:54,R,3948.0,0,24,3948.25,84,191,3948.5,31,70,3948.75,144,133,3949.0,195,8,3949.25,61,3,3949.5,16,0,3948.25,3949.5,3948.0,3949.5,16.5,2.0
2023-03-02 12:29:41,2,2023-03-02 12:25:54,R,3948.5,0,137,3948.75,111,246,3949.0,277,197,3949.25,147,214,3949.5,135,454,3949.75,336,56,3950.0,86,0,3949.75,3950.0,3948.5,3948.5,13.0,5.5
2023-03-02 12:31:26,3,2023-03-02 12:25:54,R,3948.0,0,4,3948.25,27,135,3948.5,501,310,3948.75,326,182,3949.0,263,0,3949.25,36,1,3949.5,63,0,3948.25,3949.5,3948.0,3949.5,13.0,5.5
2023-03-02 12:32:49,4,2023-03-02 12:25:54,R,3948.75,0,23,3949.0,0,44,3949.25,0,334,3949.5,265,155,3949.75,77,124,3950.0,99,112,3950.25,59,0,3949.75,3950.25,3948.75,3948.75,13.0,5.5
2023-03-02 12:34:02,5,2023-03-02 12:25:54,R,3948.5,0,157,3948.75,324,50,3949.0,91,0,3949.25,39,143,3949.5,74,1,3949.75,128,115,3950.0,207,0,3948.5,3950.0,3948.5,3950.0,13.0,5.5
2023-03-02 12:35:04,-1,2023-03-02 12:35:04,R,3952.75,0,1,3953.0,65,131,3953.25,95,14,3953.5,321,558,3953.75,287,81,3954.0,177,46,3954.25,44,0,3953.25,3954.25,3952.75,3954.25,13.0,5.5
2023-03-02 12:35:04,0,2023-03-02 12:35:04,R,3951.5,0,50,3951.75,171,5,3952.0,128,14,3952.25,99,47,3952.5,138,39,3952.75,104,0,3953.0,103,0,3951.75,3953.0,3951.5,3953.0,13.0,5.5
2023-03-03 09:46:39,0,2023-03-03 09:46:39,R,4017.75,0,56,4018.0,331,363,4018.25,141,404,4018.5,439,107,4018.75,280,515,4019.0,637,438,4019.25,573,0,4019.0,4019.25,4017.75,4019.25,4.0,18.0
2023-03-03 09:47:16,1,2023-03-03 09:46:39,R,4018.5,0,188,4018.75,155,306,4019.0,73,432,4019.25,182,521,4019.5,296,170,4019.75,244,84,4020.0,191,0,4019.5,4020.0,4018.5,4018.5,4.0,18.0
2023-03-03 09:48:04,2,2023-03-03 09:46:39,R,4017.75,0,87,4018.0,108,293,4018.25,74,379,4018.5,603,424,4018.75,204,143,4019.0,87,62,4019.25,65,0,4018.25,4019.25,4017.75,4017.75,4.0,18.0
2023-03-03 09:48:23,3,2023-03-03 09:46:39,R,4017.0,0,105,4017.25,146,54,4017.5,36,156,4017.75,237,26,4018.0,48,0,4018.25,95,0,4018.5,75,0,4017.5,4018.5,4017.0,4018.5,4.0,18.0
2023-03-03 09:48:40,4,2023-03-03 09:46:39,R,4018.75,70,0,4019.0,135,61,4019.25,125,165,4019.5,107,115,4019.75,174,4,4020.0,173,302,4020.25,258,0,4018.75,4020.25,4018.75,4020.25,4.0,18.0
2023-03-03 09:49:26,5,2023-03-03 09:46:39,R,4020.25,0,379,4020.5,550,315,4020.75,312,213,4021.0,370,627,4021.25,585,414,4021.5,235,99,4021.75,16,0,4020.5,4021.75,4020.25,4020.25,3.75,18.25
2023-03-03 09:49:40,6,2023-03-03 09:46:39,R,4019.0,0,160,4019.25,182,478,4019.5,285,317,4019.75,56,269,4020.0,63,753,4020.25,202,102,4020.5,117,0,4020.0,4020.5,4019.0,4019.0,3.75,18.25
2023-03-03 09:50:08,7,2023-03-03 09:46:39,R,4017.25,0,134,4017.5,320,323,4017.75,27,261,4018.0,176,299,4018.25,217,44,4018.5,1,73,4018.75,2,107,4018.75,4018.75,4017.25,4017.25,3.75,18.25
2023-03-03 09:51:09,-1,2023-03-03 09:46:39,R,4016.25,0,103,4016.5,149,412,4016.75,331,604,4017.0,681,500,4017.25,358,159,4017.5,164,100,4017.75,28,0,4017.0,4017.75,4016.25,4016.25,3.75,18.25
2023-03-03 10:02:58,0,2023-03-03 10:02:58,R,4017.75,0,6,4018.0,311,49,4018.25,227,47,4018.5,100,45,4018.75,402,171,4019.0,115,28,4019.25,252,0,4018.0,4019.25,4017.75,4019.25,4.25,17.75
2023-03-03 10:03:01,1,2023-03-03 10:02:58,R,4018.0,0,22,4018.25,6,48,4018.5,5,43,4018.75,0,79,4019.0,38,109,4019.25,0,92,4019.5,14,0,4019.5,4019.5,4018.0,4018.0,4.25,17.75
2023-03-03 10:03:23,-1,2023-03-03 10:02:58,R,4017.0,0,96,4017.25,3,33,4017.5,1,54,4017.75,113,244,4018.0,73,101,4018.25,130,52,4018.5,1,0,4017.75,4018.5,4017.0,4017.0,4.25,17.75
2023-03-03 10:05:27,0,2023-03-03 10:05:27,M,4015.5,0,132,4015.75,50,217,4016.0,189,198,4016.25,178,102,4016.5,154,107,4016.75,120,108,4017.0,175,0,4016.5,4017.0,4015.5,4017.0,4.5,15.5
2023-03-03 10:05:56,1,2023-03-03 10:05:27,M,4016.75,0,13,4017.0,0,53,4017.25,200,122,4017.5,108,179,4017.75,284,351,4018.0,300,19,4018.25,2,0,4017.25,4018.25,4016.75,4016.75,4.5,15.5
2023-03-03 10:07:35,2,2023-03-03 10:05:27,M,4016.5,0,44,4016.75,110,1,4017.0,31,342,4017.25,588,1084,4017.5,304,457,4017.75,314,370,4018.0,174,0,4016.5,4018.0,4016.5,4018.0,3.5,16.5
2023-03-03 10:09:25,-1,2023-03-03 10:05:27,M,4017.25,0,8,4017.5,155,509,4017.75,1333,802,4018.0,637,520,4018.25,875,354,4018.5,427,198,4018.75,94,0,4018.25,4018.75,4017.25,4018.75,3.5,16.5
2023-03-03 10:09:44,0,2023-03-03 10:09:44,M,4017.75,0,241,4018.0,2,42,4018.25,1,84,4018.5,0,37,4018.75,36,152,4019.0,125,34,4019.25,8,0,4019.0,4019.25,4017.75,4017.75,3.5,16.5
2023-03-03 10:10:26,1,2023-03-03 10:09:44,M,4016.75,0,64,4017.0,0,180,4017.25,92,133,4017.5,106,245,4017.75,442,379,4018.0,316,44,4018.25,140,0,4017.5,4018.25,4016.75,4016.75,3.5,16.5
2023-03-03 10:10:47,-1,2023-03-03 10:09:44,M,4015.25,0,44,4015.5,162,301,4015.75,170,254,4016.0,192,327,4016.25,307,79,4016.5,75,106,4016.75,105,0,4016.5,4016.75,4015.25,4015.25,3.5,16.5
2023-03-03 10:12:26,0,2023-03-03 10:12:26,M,4016.5,0,55,4016.75,123,84,4017.0,217,95,4017.25,86,209,4017.5,122,0,4017.75,56,0,4018.0,182,0,4017.0,4018.0,4016.5,4018.0,3.5,16.25
2023-03-03 10:13:46,1,2023-03-03 10:12:26,M,4017.0,0,242,4017.25,98,142,4017.5,264,398,4017.75,379,389,4018.0,279,380,4018.25,164,22,4018.5,8,0,4018.25,4018.5,4017.0,4017.0,3.5,16.25
2023-03-03 10:14:10,2,2023-03-03 10:12:26,M,4016.5,0,59,4016.75,210,251,4017.0,261,272,4017.25,51,0,4017.5,28,0,4017.75,17,2,4018.0,125,0,4016.75,4018.0,4016.5,4018.0,3.5,16.25
2023-03-03 10:15:17,3,2023-03-03 10:12:26,M,4017.25,0,56,4017.5,146,221,4017.75,235,492,4018.0,313,291,4018.25,275,46,4018.5,89,61,4018.75,96,0,4018.25,4018.75,4017.25,4017.25,3.5,16.25
2023-03-03 10:16:00,4,2023-03-03 10:12:26,M,4017.0,0,7,4017.25,17,52,4017.5,139,125,4017.75,114,5,4018.0,86,39,4018.25,240,128,4018.5,129,0,4017.0,4018.5,4017.0,4018.5,3.5,16.25
2023-03-03 10:16:45,-1,2023-03-03 10:12:26,M,4018.5,0,31,4018.75,394,571,4019.0,297,8,4019.25,164,66,4019.5,192,18,4019.75,166,3,4020.0,240,0,4018.75,4020.0,4018.5,4020.0,3.5,16.25
2023-03-03 10:18:40,0,2023-03-03 10:18:40,R,4020.0,0,13,4020.25,147,69,4020.5,142,0,4020.75,73,1,4021.0,225,101,4021.25,126,0,4021.5,58,0,4020.25,4021.5,4020.0,4021.5,1.75,3.5
2023-03-03 10:19:09,1,2023-03-03 10:18:40,R,4020.5,0,195,4020.75,147,206,4021.0,149,63,4021.25,2,97,4021.5,80,185,4021.75,163,187,4022.0,232,0,4021.75,4022.0,4020.5,4020.5,1.5,3.75
2023-03-03 10:20:21,-1,2023-03-03 10:18:40,R,4019.25,0,100,4019.5,1,99,4019.75,23,381,4020.0,443,726,4020.25,680,497,4020.5,106,32,4020.75,51,0,4020.25,4020.75,4019.25,4019.25,1.5,3.75
2023-03-03 10:21:39,0,2023-03-03 10:21:39,M,4017.25,0,77,4017.5,80,128,4017.75,47,272,4018.0,117,6,4018.25,339,173,4018.5,68,0,4018.75,15,0,4017.75,4018.75,4017.25,4018.75,3.75,16.25
2023-03-03 10:22:33,-1,2023-03-03 10:21:39,M,4018.0,0,38,4018.25,82,76,4018.5,19,25,4018.75,77,336,4019.0,208,180,4019.25,201,109,4019.5,140,0,4019.0,4019.5,4018.0,4019.5,3.75,16.25
2023-03-03 10:24:03,0,2023-03-03 10:24:03,M,4017.5,0,14,4017.75,34,98,4018.0,263,370,4018.25,196,176,4018.5,292,151,4018.75,427,22,4019.0,87,0,4018.0,4019.0,4017.5,4019.0,3.75,16.0
2023-03-03 10:25:02,-1,2023-03-03 10:24:03,M,4018.0,0,144,4018.25,179,36,4018.5,45,207,4018.75,63,56,4019.0,52,123,4019.25,152,119,4019.5,74,0,4019.25,4019.5,4018.0,4019.5,3.75,16.0
2023-03-03 10:26:34,0,2023-03-03 10:26:34,M,4017.5,0,92,4017.75,260,585,4018.0,464,391,4018.25,140,56,4018.5,115,0,4018.75,10,93,4019.0,67,0,4018.0,4019.0,4017.5,4019.0,3.75,16.0
2023-03-03 10:27:25,1,2023-03-03 10:26:34,M,4018.0,0,85,4018.25,18,112,4018.5,93,148,4018.75,131,274,4019.0,153,505,4019.25,369,65,4019.5,71,0,4019.25,4019.5,4018.0,4018.0,3.75,16.0
2023-03-03 10:28:00,2,2023-03-03 10:26:34,M,4017.75,0,109,4018.0,201,38,4018.25,198,47,4018.5,41,13,4018.75,111,21,4019.0,52,2,4019.25,79,0,4017.75,4019.25,4017.75,4019.25,3.75,16.0
2023-03-03 10:29:37,-1,2023-03-03 10:26:34,M,4018.75,0,36,4019.0,279,200,4019.25,278,349,4019.5,258,566,4019.75,330,40,4020.0,375,26,4020.25,214,0,4019.5,4020.25,4018.75,4020.25,3.75,16.0
2023-03-03 10:31:13,0,2023-03-03 10:31:13,R,4020.75,0,7,4021.0,68,55,4021.25,120,61,4021.5,84,142,4021.75,234,135,4022.0,185,110,4022.25,233,0,4021.5,4022.25,4020.75,4022.25,1.5,3.75
2023-03-03 10:33:06,1,2023-03-03 10:31:13,R,4021.25,0,152,4021.5,246,194,4021.75,117,610,4022.0,1490,1037,4022.25,595,639,4022.5,572,84,4022.75,137,0,4022.5,4022.75,4021.25,4022.75,1.0,4.25
2023-03-03 10:33:14,2,2023-03-03 10:31:13,R,4021.75,0,140,4022.0,44,180,4022.25,110,121,4022.5,77,54,4022.75,0,172,4023.0,315,138,4023.25,222,0,4023.0,4023.25,4021.75,4021.75,1.0,4.25
2023-03-03 10:33:17,3,2023-03-03 10:31:13,R,4020.25,0,125,4020.5,0,83,4020.75,8,210,4021.0,3,168,4021.25,5,336,4021.5,36,148,4021.75,23,0,4021.5,4021.75,4020.25,4020.25,1.0,4.25
2023-03-03 10:33:34,4,2023-03-03 10:31:13,R,4020.0,0,158,4020.25,153,1,4020.5,12,5,4020.75,65,36,4021.0,171,157,4021.25,404,266,4021.5,377,0,4020.0,4021.5,4020.0,4021.5,1.0,4.25
2023-03-03 10:33:50,5,2023-03-03 10:31:13,R,4020.25,0,116,4020.5,37,112,4020.75,60,28,4021.0,43,112,4021.25,64,135,4021.5,1,71,4021.75,49,0,4021.75,4021.75,4020.25,4020.25,1.0,4.25
2023-03-03 10:33:59,-1,2023-03-03 10:31:13,R,4018.75,0,84,4019.0,1,97,4019.25,18,137,4019.5,106,194,4019.75,20,44,4020.0,1,236,4020.25,26,0,4020.0,4020.25,4018.75,4018.75,1.0,4.25
2023-03-03 10:36:30,0,2023-03-03 10:36:30,R,4020.5,0,35,4020.75,5,23,4021.0,0,35,4021.25,80,109,4021.5,86,87,4021.75,272,37,4022.0,9,0,4021.25,4022.0,4020.5,4020.5,1.25,4.25
2023-03-03 10:37:06,1,2023-03-03 10:36:30,R,4020.25,0,138,4020.5,136,110,4020.75,162,101,4021.0,343,33,4021.25,43,10,4021.5,67,2,4021.75,51,0,4020.25,4021.75,4020.25,4021.75,1.25,4.25
2023-03-03 10:37:35,2,2023-03-03 10:36:30,R,4021.5,0,155,4021.75,202,311,4022.0,209,0,4022.25,28,0,4022.5,102,2,4022.75,107,0,4023.0,137,0,4022.0,4023.0,4021.5,4023.0,1.25,4.25
2023-03-03 10:38:35,3,2023-03-03 10:36:30,R,4022.0,0,189,4022.25,70,194,4022.5,208,267,4022.75,36,300,4023.0,310,429,4023.25,474,398,4023.5,337,0,4023.25,4023.5,4022.0,4022.0,1.5,4.25
2023-03-03 10:38:42,4,2023-03-03 10:36:30,R,4020.5,0,365,4020.75,411,315,4021.0,45,133,4021.25,5,298,4021.5,7,266,4021.75,3,210,4022.0,2,0,4021.75,4022.0,4020.5,4020.5,1.5,4.25
2023-03-03 10:39:13,-1,2023-03-03 10:36:30,R,4018.75,0,83,4019.0,4,191,4019.25,104,260,4019.5,282,202,4019.75,76,336,4020.0,205,215,4020.25,170,117,4020.25,4020.25,4018.75,4018.75,1.5,4.25
2023-03-03 10:39:40,0,2023-03-03 10:39:40,M,4017.5,0,37,4017.75,65,225,4018.0,304,474,4018.25,212,399,4018.5,78,106,4018.75,78,82,4019.0,105,0,4018.5,4019.0,4017.5,4019.0,4.25,16.0
2023-03-03 10:40:34,1,2023-03-03 10:39:40,M,4017.75,0,55,4018.0,1,101,4018.25,102,153,4018.5,169,331,4018.75,114,295,4019.0,93,185,4019.25,208,0,4019.25,4019.25,4017.75,4017.75,4.25,15.75
2023-03-03 10:40:55,2,2023-03-03 10:39:40,M,4017.5,0,4,4017.75,38,8,4018.0,110,226,4018.25,200,0,4018.5,102,0,4018.75,68,8,4019.0,48,0,4017.5,4019.0,4017.5,4019.0,4.25,15.75
2023-03-03 10:42:02,3,2023-03-03 10:39:40,M,4019.0,0,217,4019.25,525,408,4019.5,323,427,4019.75,194,199,4020.0,82,138,4020.25,49,33,4020.5,14,0,4019.25,4020.5,4019.0,4019.0,4.25,15.75
2023-03-03 10:42:27,4,2023-03-03 10:39:40,M,4017.75,0,89,4018.0,0,63,4018.25,0,76,4018.5,55,208,4018.75,119,183,4019.0,42,8,4019.25,3,0,4018.75,4019.25,4017.75,4017.75,4.25,15.75
2023-03-03 10:43:10,5,2023-03-03 10:39:40,M,4017.25,0,71,4017.5,95,68,4017.75,247,49,4018.0,147,238,4018.25,307,168,4018.5,70,0,4018.75,24,0,4017.5,4018.75,4017.25,4018.75,4.25,15.75
2023-03-03 10:45:45,6,2023-03-03 10:39:40,M,4018.5,0,100,4018.75,280,115,4019.0,182,221,4019.25,545,326,4019.5,587,297,4019.75,459,202,4020.0,135,0,4019.0,4020.0,4018.5,4020.0,4.25,15.75
2023-03-03 10:46:01,-1,2023-03-03 10:39:40,M,4020.25,58,16,4020.5,49,2,4020.75,79,21,4021.0,206,72,4021.25,202,63,4021.5,105,0,4021.75,99,0,4020.25,4021.75,4020.25,4021.75,4.25,15.75
2023-03-03 10:46:20,0,2023-03-03 10:46:20,R,4021.5,0,35,4021.75,7,146,4022.0,125,200,4022.25,68,213,4022.5,160,214,4022.75,357,210,4023.0,110,0,4022.0,4023.0,4021.5,4021.5,1.5,4.25
2023-03-03 10:47:56,1,2023-03-03 10:46:20,R,4020.75,0,154,4021.0,352,279,4021.25,453,411,4021.5,466,227,4021.75,150,145,4022.0,162,86,4022.25,8,0,4021.25,4022.25,4020.75,4020.75,1.5,4.25
2023-03-03 10:48:40,2,2023-03-03 10:46:20,R,4020.5,0,24,4020.75,17,1,4021.0,87,53,4021.25,251,261,4021.5,180,106,4021.75,133,77,4022.0,166,0,4020.5,4022.0,4020.5,4022.0,1.5,4.25
2023-03-03 10:49:04,3,2023-03-03 10:46:20,R,4020.75,0,244,4021.0,91,52,4021.25,8,46,4021.5,0,54,4021.75,3,114,4022.0,43,10,4022.25,2,0,4022.25,4022.25,4020.75,4020.75,1.5,4.25
2023-03-03 10:50:08,4,2023-03-03 10:46:20,R,4020.5,0,55,4020.75,10,0,4021.0,61,57,4021.25,81,118,4021.5,82,322,4021.75,283,46,4022.0,130,0,4020.5,4022.0,4020.5,4022.0,1.5,4.25
2023-03-03 10:50:49,5,2023-03-03 10:46:20,R,4021.25,0,88,4021.5,41,160,4021.75,56,42,4022.0,68,205,4022.25,133,300,4022.5,177,95,4022.75,34,0,4022.25,4022.75,4021.25,4021.25,1.5,4.25
2023-03-03 10:51:12,6,2023-03-03 10:46:20,R,4021.0,0,7,4021.25,187,19,4021.5,160,0,4021.75,48,0,4022.0,69,1,4022.25,69,97,4022.5,34,0,4021.0,4022.5,4021.0,4022.5,1.25,4.5
2023-03-03 10:52:16,7,2023-03-03 10:46:20,R,4022.0,0,45,4022.25,189,132,4022.5,143,146,4022.75,383,549,4023.0,335,59,4023.25,120,416,4023.5,189,0,4022.75,4023.5,4022.0,4023.5,0.75,5.0
2023-03-03 10:52:33,-1,2023-03-03 10:46:20,R,4023.75,233,20,4024.0,509,631,4024.25,552,50,4024.5,413,0,4024.75,437,0,4025.0,229,8,4025.25,343,0,4023.75,4025.25,4023.75,4025.25,0.75,5.0
2023-03-03 15:00:07,0,2023-03-03 15:00:07,M,4048.75,0,603,4049.0,1243,2112,4049.25,2346,2872,4049.5,2916,2165,4049.75,1429,1314,4050.0,1668,1214,4050.25,469,0,4048.75,4050.25,4048.75,4050.25,3.0,37.75
2023-03-03 15:00:17,1,2023-03-03 15:00:07,M,4049.0,0,383,4049.25,489,378,4049.5,117,319,4049.75,180,244,4050.0,4,501,4050.25,111,352,4050.5,367,0,4050.5,4050.5,4049.0,4049.0,3.0,37.75
2023-03-03 15:01:00,-1,2023-03-03 15:00:07,M,4047.25,0,831,4047.5,1078,1122,4047.75,705,333,4048.0,238,322,4048.25,184,325,4048.5,459,389,4048.75,26,233,4048.75,4048.75,4047.25,4047.25,3.0,37.75
2023-03-03 15:05:30,0,2023-03-03 15:05:30,M,4049.25,0,116,4049.5,484,204,4049.75,245,14,4050.0,284,657,4050.25,605,1041,4050.5,688,420,4050.75,493,0,4049.75,4050.75,4049.25,4050.75,3.0,37.25
2023-03-03 15:08:49,1,2023-03-03 15:05:30,M,4050.5,0,277,4050.75,607,438,4051.0,333,282,4051.25,292,572,4051.5,486,818,4051.75,731,410,4052.0,250,0,4051.0,4052.0,4050.5,4050.5,3.0,37.25
2023-03-03 15:14:31,2,2023-03-03 15:05:30,M,4050.0,0,130,4050.25,910,991,4050.5,779,642,4050.75,505,209,4051.0,504,339,4051.25,475,931,4051.5,457,0,4050.25,4051.5,4050.0,4051.5,3.0,37.0
2023-03-03 15:14:59,3,2023-03-03 15:05:30,M,4051.0,0,146,4051.25,44,180,4051.5,4,327,4051.75,23,0,0.0,0,0,0.0,0,0,0.0,0,0,4051.75,4051.75,4051.0,4051.0,3.0,37.0
2023-03-03 15:59:59,-1,2023-03-03 15:05:30,M,4051.75,4,1479,4052.0,525,757,4052.25,723,1503,4052.5,761,441,4052.75,418,208,4053.0,179,0,0.0,0,0,4051.75,4053.0,4051.75,4052.5,3.25,37.0
2023-03-06 10:04:02,0,2023-03-06 10:04:02,M,4074.75,0,15,4075.0,96,0,4075.25,19,75,4075.5,109,53,4075.75,149,65,4076.0,190,11,4076.25,97,0,4074.75,4076.25,4074.75,4076.25,6.25,17.0
2023-03-06 10:06:14,-1,2023-03-06 10:04:02,M,4076.0,0,7,4076.25,64,158,4076.5,273,249,4076.75,562,901,4077.0,431,205,4077.25,474,374,4077.5,128,0,4076.5,4077.5,4076.0,4077.5,6.25,17.0
2023-03-06 10:18:48,0,2023-03-06 10:18:48,R,4080.5,0,183,4080.75,99,78,4081.0,480,166,4081.25,308,178,4081.5,197,0,4081.75,129,0,4082.0,180,0,4080.75,4082.0,4080.5,4082.0,0.0,6.25
2023-03-06 10:19:20,1,2023-03-06 10:18:48,R,4081.0,0,118,4081.25,233,416,4081.5,18,126,4081.75,176,402,4082.0,99,266,4082.25,409,0,4082.5,77,0,4082.25,4082.5,4081.0,4081.0,0.25,7.0
2023-03-06 10:20:19,-1,2023-03-06 10:18:48,R,4079.75,0,220,4080.0,22,220,4080.25,84,408,4080.5,370,690,4080.75,334,379,4081.0,117,75,4081.25,35,0,4080.75,4081.25,4079.75,4079.75,0.25,7.0
2023-03-06 10:25:06,0,2023-03-06 10:25:06,M,4074.5,0,307,4074.75,519,1041,4075.0,456,437,4075.25,378,371,4075.5,108,7,4075.75,154,189,4076.0,86,0,4075.25,4076.0,4074.5,4076.0,7.0,16.5
2023-03-06 10:26:21,1,2023-03-06 10:25:06,M,4075.0,0,68,4075.25,105,122,4075.5,84,208,4075.75,250,301,4076.0,474,361,4076.25,245,99,4076.5,48,0,4076.25,4076.5,4075.0,4075.0,6.25,17.0
2023-03-06 10:27:25,-1,2023-03-06 10:25:06,M,4073.5,0,108,4073.75,90,550,4074.0,227,385,4074.25,311,282,4074.5,63,257,4074.75,150,239,4075.0,42,0,4074.75,4075.0,4073.5,4073.5,6.25,17.0
2023-03-06 10:38:01,0,2023-03-06 10:38:01,M,4073.5,0,21,4073.75,95,78,4074.0,131,138,4074.25,229,32,4074.5,102,24,4074.75,233,142,4075.0,113,0,4074.25,4075.0,4073.5,4075.0,7.25,16.0
2023-03-06 10:40:20,1,2023-03-06 10:38:01,M,4073.75,0,72,4074.0,0,234,4074.25,174,574,4074.5,563,462,4074.75,354,263,4075.0,55,74,4075.25,11,0,4075.25,4075.25,4073.75,4073.75,7.25,15.75
2023-03-06 10:45:11,-1,2023-03-06 10:38:01,M,4072.5,0,147,4072.75,397,1206,4073.0,1446,894,4073.25,614,457,4073.5,456,750,4073.75,263,34,4074.0,31,0,4073.5,4074.0,4072.5,4072.5,7.25,15.75
2023-03-06 10:57:16,0,2023-03-06 10:57:16,M,4074.5,0,2,4074.75,252,468,4075.0,533,742,4075.25,1006,1121,4075.5,687,372,4075.75,291,282,4076.0,388,0,4074.75,4076.0,4074.5,4076.0,7.0,15.75
2023-03-06 10:58:09,1,2023-03-06 10:57:16,M,4075.25,0,122,4075.5,59,269,4075.75,114,266,4076.0,238,413,4076.25,400,198,4076.5,282,67,4076.75,14,0,4076.25,4076.75,4075.25,4075.25,7.0,15.75
2023-03-06 10:58:15,-1,2023-03-06 10:57:16,M,4073.5,0,114,4073.75,0,101,4074.0,23,117,4074.25,66,220,4074.5,3,80,4074.75,1,183,4075.0,11,56,4075.0,4075.0,4073.5,4073.5,7.0,15.75
2023-03-06 10:59:18,0,2023-03-06 10:59:18,M,4074.0,0,106,4074.25,205,162,4074.5,41,116,4074.75,100,33,4075.0,41,77,4075.25,54,55,4075.5,314,0,4075.0,4075.5,4074.0,4075.5,7.0,15.75
2023-03-06 11:01:15,1,2023-03-06 10:59:18,M,4074.5,0,38,4074.75,6,44,4075.0,0,226,4075.25,271,442,4075.5,649,465,4075.75,302,210,4076.0,274,0,4075.75,4076.0,4074.5,4074.5,7.0,15.75
2023-03-06 11:01:54,2,2023-03-06 10:59:18,M,4074.25,0,13,4074.5,45,5,4074.75,93,111,4075.0,169,126,4075.25,34,108,4075.5,143,96,4075.75,40,0,4074.25,4075.75,4074.25,4075.75,7.0,15.75
2023-03-06 11:03:53,3,2023-03-06 10:59:18,M,4075.25,0,55,4075.5,96,208,4075.75,330,334,4076.0,184,252,4076.25,200,448,4076.5,424,265,4076.75,388,0,4076.0,4076.75,4075.25,4076.75,7.0,15.75
2023-03-06 11:04:37,4,2023-03-06 10:59:18,M,4076.0,0,89,4076.25,103,195,4076.5,19,68,4076.75,29,168,4077.0,247,185,4077.25,307,136,4077.5,113,0,4077.0,4077.5,4076.0,4076.0,7.0,15.75
2023-03-06 11:06:32,5,2023-03-06 10:59:18,M,4075.0,0,133,4075.25,91,48,4075.5,45,315,4075.75,321,377,4076.0,382,191,4076.25,329,69,4076.5,11,0,4075.75,4076.5,4075.0,4075.0,7.0,15.75
2023-03-06 11:09:27,6,2023-03-06 10:59:18,M,4074.75,0,129,4075.0,188,403,4075.25,581,219,4075.5,213,273,4075.75,221,348,4076.0,153,9,4076.25,45,0,4074.75,4076.25,4074.75,4076.25,7.0,15.75
2023-03-06 11:10:02,7,2023-03-06 10:59:18,M,4076.0,0,38,4076.25,32,159,4076.5,218,51,4076.75,56,3,4077.0,86,86,4077.25,81,4,4077.5,124,0,4076.5,4077.5,4076.0,4077.5,7.0,15.75
2023-03-06 11:11:12,8,2023-03-06 10:59:18,M,4077.0,0,249,4077.25,133,243,4077.5,323,494,4077.75,389,307,4078.0,243,136,4078.25,103,59,4078.5,125,0,4077.75,4078.5,4077.0,4077.0,7.0,15.75
2023-03-06 11:12:00,9,2023-03-06 10:59:18,M,4076.75,0,125,4077.0,39,105,4077.25,147,95,4077.5,142,34,4077.75,101,2,4078.0,51,0,4078.25,92,0,4076.75,4078.25,4076.75,4078.25,7.0,15.75
2023-03-06 11:14:19,-1,2023-03-06 10:59:18,M,4077.25,0,8,4077.5,30,166,4077.75,151,430,4078.0,413,642,4078.25,844,651,4078.5,277,183,4078.75,244,0,4078.5,4078.75,4077.25,4078.75,7.0,15.5
2023-03-06 11:25:38,0,2023-03-06 11:25:38,M,4075.0,0,302,4075.25,0,112,4075.5,150,213,4075.75,205,141,4076.0,255,250,4076.25,441,195,4076.5,78,0,4076.25,4076.5,4075.0,4075.0,7.0,15.5
2023-03-06 11:27:28,1,2023-03-06 11:25:38,M,4074.0,0,61,4074.25,36,194,4074.5,249,618,4074.75,642,504,4075.0,686,755,4075.25,819,294,4075.5,88,0,4074.75,4075.5,4074.0,4075.5,7.0,15.5
2023-03-06 11:30:44,2,2023-03-06 11:25:38,M,4074.75,0,77,4075.0,21,108,4075.25,76,272,4075.5,519,795,4075.75,684,748,4076.0,832,351,4076.25,394,0,4075.75,4076.25,4074.75,4074.75,7.0,15.25
2023-03-06 11:32:00,3,2023-03-06 11:25:38,M,4073.0,0,124,4073.25,110,369,4073.5,183,396,4073.75,370,178,4074.0,204,200,4074.25,335,178,4074.5,240,57,4074.5,4074.5,4073.0,4074.5,7.0,15.25
2023-03-06 11:33:00,4,2023-03-06 11:25:38,M,4074.0,0,85,4074.25,0,78,4074.5,143,235,4074.75,292,146,4075.0,156,185,4075.25,187,358,4075.5,204,0,4074.75,4075.5,4074.0,4074.0,7.0,15.25
2023-03-06 11:34:54,5,2023-03-06 11:25:38,M,4073.0,0,93,4073.25,195,173,4073.5,390,387,4073.75,179,214,4074.0,121,100,4074.25,26,70,4074.5,10,0,4073.75,4074.5,4073.0,4073.0,7.0,15.25
2023-03-06 11:36:51,6,2023-03-06 11:25:38,M,4071.5,0,126,4071.75,442,145,4072.0,246,314,4072.25,416,121,4072.5,185,339,4072.75,416,420,4073.0,154,0,4072.75,4073.0,4071.5,4073.0,7.0,15.25
2023-03-06 11:38:40,7,2023-03-06 11:25:38,M,4072.5,0,180,4072.75,34,255,4073.0,92,472,4073.25,512,271,4073.5,232,127,4073.75,256,356,4074.0,193,0,4073.25,4074.0,4072.5,4072.5,7.0,15.25
2023-03-06 11:40:17,8,2023-03-06 11:25:38,M,4071.0,0,127,4071.25,302,288,4071.5,170,129,4071.75,117,365,4072.0,441,193,4072.25,232,57,4072.5,127,0,4072.25,4072.5,4071.0,4072.5,7.0,15.25
2023-03-06 11:41:24,9,2023-03-06 11:25:38,M,4071.5,0,77,4071.75,112,69,4072.0,2,121,4072.25,50,301,4072.5,190,167,4072.75,158,140,4073.0,81,0,4072.75,4073.0,4071.5,4071.5,7.0,15.25
2023-03-06 11:43:10,10,2023-03-06 11:25:38,M,4070.5,0,19,4070.75,72,188,4071.0,59,184,4071.25,38,409,4071.5,813,505,4071.75,508,113,4072.0,260,0,4071.25,4072.0,4070.5,4072.0,7.0,15.25
2023-03-06 11:44:27,11,2023-03-06 11:25:38,M,4070.75,0,125,4071.0,8,124,4071.25,70,193,4071.5,260,215,4071.75,69,268,4072.0,153,190,4072.25,22,0,4072.25,4072.25,4070.75,4070.75,7.0,15.25
2023-03-06 11:45:27,-1,2023-03-06 11:25:38,M,4069.5,0,160,4069.75,0,115,4070.0,0,328,4070.25,61,728,4070.5,427,509,4070.75,116,152,4071.0,183,0,4070.5,4071.0,4069.5,4069.5,7.0,15.25
2023-03-06 12:09:46,0,2023-03-06 12:09:46,S,4060.5,0,42,4060.75,227,120,4061.0,208,162,4061.25,337,238,4061.5,174,47,4061.75,348,11,4062.0,128,0,4060.75,4062.0,4060.5,4062.0,14.75,17.5
2023-03-06 12:10:21,1,2023-03-06 12:09:46,S,4062.0,0,55,4062.25,40,64,4062.5,125,297,4062.75,635,490,4063.0,373,99,4063.25,126,178,4063.5,149,0,4062.25,4063.5,4062.0,4062.0,14.75,17.5
2023-03-06 12:10:45,2,2023-03-06 12:09:46,S,4061.5,0,13,4061.75,77,118,4062.0,54,11,4062.25,109,0,4062.5,50,94,4062.75,179,140,4063.0,202,0,4061.75,4063.0,4061.5,4063.0,14.75,17.5
2023-03-06 12:11:19,3,2023-03-06 12:09:46,S,4062.0,0,90,4062.25,40,318,4062.5,86,80,4062.75,31,242,4063.0,89,195,4063.25,199,25,4063.5,3,0,4063.25,4063.5,4062.0,4062.0,14.5,17.75
2023-03-06 12:12:52,4,2023-03-06 12:09:46,S,4061.75,0,49,4062.0,254,480,4062.25,784,99,4062.5,314,75,4062.75,97,245,4063.0,297,1,4063.25,110,0,4061.75,4063.25,4061.75,4063.25,14.5,17.75
2023-03-06 12:13:32,5,2023-03-06 12:09:46,S,4062.25,0,73,4062.5,155,98,4062.75,5,106,4063.0,1,65,4063.25,21,133,4063.5,217,507,4063.75,72,0,4063.5,4063.75,4062.25,4062.25,14.5,17.75
2023-03-06 12:14:56,6,2023-03-06 12:09:46,S,4062.0,0,44,4062.25,136,109,4062.5,205,171,4062.75,234,96,4063.0,307,94,4063.25,239,144,4063.5,254,0,4062.0,4063.5,4062.0,4063.5,14.5,17.75
2023-03-06 12:16:27,7,2023-03-06 12:09:46,S,4062.25,0,166,4062.5,109,118,4062.75,266,265,4063.0,132,335,4063.25,185,267,4063.5,356,247,4063.75,31,0,4063.75,4063.75,4062.25,4062.25,14.5,17.75
2023-03-06 12:17:31,8,2023-03-06 12:09:46,S,4061.75,0,17,4062.0,52,626,4062.25,355,11,4062.5,131,129,4062.75,184,295,4063.0,179,0,4063.25,26,0,4062.0,4063.25,4061.75,4063.25,14.5,17.75
2023-03-06 12:19:55,-1,2023-03-06 12:09:46,S,4063.25,0,9,4063.5,213,89,4063.75,297,192,4064.0,490,213,4064.25,607,829,4064.5,459,383,4064.75,363,0,4063.5,4064.75,4063.25,4064.75,14.5,17.75
2023-03-06 12:36:36,0,2023-03-06 12:36:36,S,4060.25,0,229,4060.5,1,148,4060.75,186,205,4061.0,321,498,4061.25,67,148,4061.5,28,25,4061.75,0,44,4061.75,4061.75,4060.25,4060.25,14.25,18.0
2023-03-06 12:36:38,-1,2023-03-06 12:36:36,S,4058.75,0,195,4059.0,46,194,4059.25,7,77,4059.5,3,107,4059.75,72,110,4060.0,0,325,4060.25,1,0,4060.0,4060.25,4058.75,4058.75,14.25,18.0
2023-03-06 12:42:36,0,2023-03-06 12:42:36,S,4059.25,0,260,4059.5,273,411,4059.75,183,63,4060.0,232,264,4060.25,353,544,4060.5,621,94,4060.75,224,0,4059.5,4060.75,4059.25,4060.75,14.5,17.75
2023-03-06 12:43:45,1,2023-03-06 12:42:36,S,4059.75,0,61,4060.0,24,137,4060.25,252,131,4060.5,77,178,4060.75,160,233,4061.0,179,54,4061.25,105,0,4061.0,4061.25,4059.75,4061.25,14.5,17.75
2023-03-06 12:45:03,2,2023-03-06 12:42:36,S,4060.0,0,244,4060.25,90,56,4060.5,19,128,4060.75,34,194,4061.0,330,302,4061.25,199,231,4061.5,84,0,4061.5,4061.5,4060.0,4060.0,14.5,17.75
2023-03-06 12:45:28,-1,2023-03-06 12:42:36,S,4058.5,0,162,4058.75,28,80,4059.0,124,273,4059.25,1,284,4059.5,16,167,4059.75,152,225,4060.0,9,0,4059.75,4060.0,4058.5,4058.5,14.5,17.75
2023-03-06 13:11:35,0,2023-03-06 13:11:35,S,4058.5,0,176,4058.75,262,0,4059.0,104,0,4059.25,78,218,4059.5,225,3,4059.75,212,0,4060.0,145,0,4058.75,4060.0,4058.5,4060.0,15.5,16.75
2023-03-06 13:12:03,1,2023-03-06 13:11:35,S,4059.5,0,17,4059.75,74,439,4060.0,352,128,4060.25,174,33,4060.5,226,0,4060.75,179,2,4061.0,158,0,4060.25,4061.0,4059.5,4061.0,15.5,16.75
2023-03-06 13:12:17,2,2023-03-06 13:11:35,S,4059.75,0,104,4060.0,8,54,4060.25,1,158,4060.5,332,167,4060.75,18,94,4061.0,8,38,4061.25,92,0,4061.25,4061.25,4059.75,4059.75,15.5,16.75
2023-03-06 13:15:42,3,2023-03-06 13:11:35,S,4059.0,0,235,4059.25,131,328,4059.5,386,680,4059.75,776,999,4060.0,1234,621,4060.25,605,76,4060.5,51,0,4059.5,4060.5,4059.0,4059.0,15.5,16.75
2023-03-06 13:15:50,-1,2023-03-06 13:11:35,S,4057.25,0,233,4057.5,13,233,4057.75,1,185,4058.0,0,205,4058.25,1,94,4058.5,0,75,4058.75,26,155,4058.75,4058.75,4057.25,4057.25,15.5,16.75
2023-03-06 13:33:24,0,2023-03-06 13:33:24,S,4057.75,146,321,4058.0,841,609,4058.25,952,1325,4058.5,1401,1301,4058.75,1077,441,4059.0,189,5,4059.25,182,0,4057.75,4059.25,4057.75,4059.25,16.0,16.25
2023-03-06 13:33:59,1,2023-03-06 13:33:24,S,4058.25,0,123,4058.5,65,202,4058.75,6,170,4059.0,4,125,4059.25,152,272,4059.5,82,44,4059.75,7,0,4059.5,4059.75,4058.25,4058.25,16.0,16.25
2023-03-06 13:34:44,-1,2023-03-06 13:33:24,S,4056.5,0,208,4056.75,135,270,4057.0,180,474,4057.25,112,73,4057.5,6,83,4057.75,0,47,4058.0,0,67,4058.0,4058.0,4056.5,4056.5,16.0,16.25
2023-03-06 13:43:10,0,2023-03-06 13:43:10,S,4057.5,0,7,4057.75,18,134,4058.0,45,0,4058.25,107,58,4058.5,473,49,4058.75,228,7,4059.0,70,0,4058.0,4059.0,4057.5,4059.0,16.25,16.0
2023-03-06 13:45:33,1,2023-03-06 13:43:10,S,4058.0,0,124,4058.25,25,288,4058.5,267,283,4058.75,510,361,4059.0,249,529,4059.25,461,369,4059.5,212,0,4059.25,4059.5,4058.0,4058.0,16.25,16.0
2023-03-06 13:47:01,-1,2023-03-06 13:43:10,S,4057.0,0,88,4057.25,68,142,4057.5,106,414,4057.75,861,223,4058.0,209,172,4058.25,68,89,4058.5,100,0,4057.75,4058.5,4057.0,4057.0,16.5,15.75
2023-03-06 14:13:43,0,2023-03-06 14:13:43,M,4056.25,0,104,4056.5,0,83,4056.75,226,353,4057.0,166,212,4057.25,266,439,4057.5,496,289,4057.75,230,0,4057.75,4057.75,4056.25,4056.25,14.25,12.25
2023-03-06 14:14:03,-1,2023-03-06 14:13:43,M,4053.0,0,194,4053.25,0,157,4053.5,0,164,4053.75,0,173,4054.0,0,183,4054.25,0,163,4054.5,0,166,4054.5,4054.5,4053.0,4053.0,14.25,12.25
2023-03-06 14:14:03,1,2023-03-06 14:13:43,M,4054.75,0,162,4055.0,0,133,4055.25,107,74,4055.5,0,82,4055.75,84,479,4056.0,100,323,4056.25,273,0,4056.0,4056.25,4054.75,4054.75,14.25,12.25
2023-03-07 09:31:03,0,2023-03-07 09:31:03,S,4025.25,0,16,4025.5,103,52,4025.75,165,81,4026.0,116,0,4026.25,106,3,4026.5,81,15,4026.75,51,0,4025.5,4026.75,4025.25,4026.75,25.0,13.0
2023-03-07 09:31:04,-1,2023-03-07 09:31:03,S,4026.75,0,43,4027.0,92,1,4027.25,62,66,4027.5,137,0,4027.75,59,4,4028.0,121,140,4028.25,173,0,4027.0,4028.25,4026.75,4028.25,25.0,13.0
2023-03-07 09:41:34,0,2023-03-07 09:41:34,S,4026.5,0,122,4026.75,1,66,4027.0,32,259,4027.25,228,383,4027.5,255,268,4027.75,521,152,4028.0,92,118,4028.0,4028.0,4026.5,4026.5,23.75,14.25
2023-03-07 09:41:41,1,2023-03-07 09:41:34,S,4025.25,0,63,4025.5,1,109,4025.75,36,170,4026.0,68,217,4026.25,151,395,4026.5,186,2,4026.75,1,0,4026.25,4026.75,4025.25,4025.25,23.75,14.25
2023-03-07 09:41:47,2,2023-03-07 09:41:34,S,4025.0,0,189,4025.25,279,205,4025.5,333,27,4025.75,266,32,4026.0,20,0,4026.25,76,0,4026.5,84,0,4025.0,4026.5,4025.0,4026.5,23.75,14.25
2023-03-07 09:42:06,3,2023-03-07 09:41:34,S,4026.0,0,80,4026.25,0,51,4026.5,88,669,4026.75,461,144,4027.0,119,346,4027.25,293,68,4027.5,54,0,4026.75,4027.5,4026.0,4026.0,23.75,14.25
2023-03-07 09:42:12,4,2023-03-07 09:41:34,S,4025.75,0,34,4026.0,47,4,4026.25,39,65,4026.5,220,4,4026.75,31,0,4027.0,32,1,4027.25,39,0,4025.75,4027.25,4025.75,4027.25,23.75,14.25
2023-03-07 09:42:27,5,2023-03-07 09:41:34,S,4026.5,0,96,4026.75,150,86,4027.0,34,150,4027.25,133,583,4027.5,49,39,4027.75,92,28,4028.0,67,0,4027.5,4028.0,4026.5,4028.0,23.75,14.25
2023-03-07 09:42:32,6,2023-03-07 09:41:34,S,4026.75,0,33,4027.0,0,34,4027.25,1,14,4027.5,0,90,4027.75,0,209,4028.0,40,109,4028.25,38,0,4028.25,4028.25,4026.75,4026.75,23.75,14.25
2023-03-07 09:42:55,7,2023-03-07 09:41:34,S,4026.0,0,81,4026.25,60,225,4026.5,161,275,4026.75,78,88,4027.0,163,165,4027.25,206,34,4027.5,89,0,4026.5,4027.5,4026.0,4027.5,23.75,14.25
2023-03-07 09:43:13,8,2023-03-07 09:41:34,S,4026.75,0,186,4027.0,65,124,4027.25,224,196,4027.5,291,155,4027.75,146,68,4028.0,53,8,4028.25,3,0,4027.75,4028.25,4026.75,4026.75,23.75,14.25
2023-03-07 09:43:41,9,2023-03-07 09:41:34,S,4025.25,0,349,4025.5,277,416,4025.75,56,226,4026.0,78,498,4026.25,482,98,4026.5,0,92,4026.75,2,0,4026.5,4026.75,4025.25,4025.25,23.75,14.25
2023-03-07 09:44:08,-1,2023-03-07 09:41:34,S,4024.5,0,107,4024.75,0,109,4025.0,0,1303,4025.25,610,380,4025.5,541,157,4025.75,95,93,4026.0,178,0,4025.0,4026.0,4024.5,4024.5,23.75,14.25
2023-03-07 09:47:22,0,2023-03-07 09:47:22,S,4024.75,0,1,4025.0,75,204,4025.25,362,408,4025.5,531,214,4025.75,167,0,4026.0,158,1,4026.25,63,0,4025.0,4026.25,4024.75,4026.25,24.5,13.5
2023-03-07 09:47:35,1,2023-03-07 09:47:22,S,4025.75,0,182,4026.0,190,259,4026.25,590,143,4026.5,55,2,4026.75,172,153,4027.0,89,0,4027.25,13,0,4026.5,4027.25,4025.75,4027.25,24.5,13.5
2023-03-07 09:47:53,2,2023-03-07 09:47:22,S,4026.25,0,100,4026.5,27,97,4026.75,122,273,4027.0,265,175,4027.25,268,131,4027.5,66,31,4027.75,25,0,4027.5,4027.75,4026.25,4026.25,24.5,13.5
2023-03-07 09:48:02,3,2023-03-07 09:47:22,S,4025.0,0,88,4025.25,185,248,4025.5,67,58,4025.75,0,70,4026.0,45,61,4026.25,89,9,4026.5,2,0,4026.0,4026.5,4025.0,4025.0,24.75,13.25
2023-03-07 09:48:14,-1,2023-03-07 09:47:22,S,4023.75,0,146,4024.0,30,107,4024.25,11,93,4024.5,80,30,4024.75,15,90,4025.0,131,377,4025.25,188,0,4024.75,4025.25,4023.75,4023.75,24.75,13.25
2023-03-07 09:48:35,0,2023-03-07 09:48:35,S,4025.0,0,79,4025.25,11,50,4025.5,30,194,4025.75,74,34,4026.0,58,4,4026.25,42,84,4026.5,123,0,4025.25,4026.5,4025.0,4026.5,24.75,13.25
2023-03-07 09:48:42,-1,2023-03-07 09:48:35,S,4026.25,0,30,4026.5,97,59,4026.75,128,62,4027.0,38,0,4027.25,95,2,4027.5,86,17,4027.75,121,0,4026.75,4027.75,4026.25,4027.75,24.75,13.25
2023-03-07 09:49:40,0,2023-03-07 09:49:40,S,4024.75,0,4,4025.0,109,260,4025.25,243,72,4025.5,148,257,4025.75,219,6,4026.0,42,0,4026.25,53,0,4025.5,4026.25,4024.75,4026.25,24.75,13.25
2023-03-07 09:49:56,1,2023-03-07 09:49:40,S,4025.5,0,82,4025.75,0,275,4026.0,40,172,4026.25,171,108,4026.5,87,203,4026.75,134,152,4027.0,137,0,4026.5,4027.0,4025.5,4025.5,24.75,13.25
2023-03-07 09:50:13,2,2023-03-07 09:49:40,S,4025.0,0,458,4025.25,57,208,4025.5,143,302,4025.75,125,139,4026.0,158,71,4026.25,70,20,4026.5,47,0,4025.25,4026.5,4025.0,4025.0,13.25,0.0
2023-03-07 09:50:16,-1,2023-03-07 09:49:40,S,4023.5,0,68,4023.75,0,239,4024.0,1,86,4024.25,42,132,4024.5,69,54,4024.75,2,73,4025.0,33,0,4024.75,4025.0,4023.5,4023.5,13.25,0.0
2023-03-07 09:59:32,0,2023-03-07 09:59:32,S,4011.5,0,167,4011.75,0,514,4012.0,320,348,4012.25,144,209,4012.5,46,581,4012.75,464,200,4013.0,101,0,4012.5,4013.0,4011.5,4011.5,13.25,0.0
2023-03-07 09:59:43,-1,2023-03-07 09:59:32,S,4010.5,0,219,4010.75,46,399,4011.0,181,447,4011.25,478,771,4011.5,313,142,4011.75,149,134,4012.0,75,0,4011.25,4012.0,4010.5,4010.5,13.25,0.0
2023-03-07 10:00:02,0,2023-03-07 10:00:02,S,4010.25,0,203,4010.5,1085,821,4010.75,241,235,4011.0,197,474,4011.25,327,132,4011.5,109,334,4011.75,173,0,4010.25,4011.75,4010.25,4010.25,15.25,0.0
2023-03-07 10:00:11,1,2023-03-07 10:00:02,S,4009.5,0,172,4009.75,373,429,4010.0,182,376,4010.25,230,74,4010.5,25,56,4010.75,111,134,4011.0,36,0,4010.0,4011.0,4009.5,4009.5,15.25,0.0
2023-03-07 10:00:27,2,2023-03-07 10:00:02,S,4009.0,0,192,4009.25,230,386,4009.5,196,95,4009.75,90,124,4010.0,281,162,4010.25,121,114,4010.5,56,0,4009.25,4010.5,4009.0,4010.5,15.25,0.0
2023-03-07 10:00:32,3,2023-03-07 10:00:02,S,4009.75,0,20,4010.0,0,142,4010.25,4,15,4010.5,20,58,4010.75,42,118,4011.0,75,25,4011.25,10,0,4010.75,4011.25,4009.75,4009.75,15.25,0.0
2023-03-07 10:00:38,4,2023-03-07 10:00:02,S,4009.25,0,1,4009.5,0,69,4009.75,82,12,4010.0,84,1,4010.25,95,10,4010.5,51,0,4010.75,11,0,4009.5,4010.75,4009.25,4010.75,15.25,0.0
2023-03-07 10:00:52,5,2023-03-07 10:00:02,S,4009.5,0,373,4009.75,166,181,4010.0,47,150,4010.25,20,169,4010.5,54,34,4010.75,14,23,4011.0,4,0,4011.0,4011.0,4009.5,4009.5,15.25,0.0
2023-03-07 10:01:42,6,2023-03-07 10:00:02,S,4009.0,0,284,4009.25,258,436,4009.5,519,781,4009.75,717,497,4010.0,594,485,4010.25,244,158,4010.5,262,0,4009.25,4010.5,4009.0,4010.5,16.5,0.0
2023-03-07 10:01:47,-1,2023-03-07 10:00:02,S,4010.5,0,27,4010.75,166,0,4011.0,81,0,4011.25,99,1,4011.5,43,0,4011.75,39,57,4012.0,316,0,4010.75,4012.0,4010.5,4012.0,16.5,0.0
2023-03-07 10:11:27,0,2023-03-07 10:11:27,M,4018.5,0,124,4018.75,80,165,4019.0,228,251,4019.25,98,90,4019.5,78,73,4019.75,152,122,4020.0,55,0,4019.0,4020.0,4018.5,4018.5,23.75,10.0
2023-03-07 10:11:30,-1,2023-03-07 10:11:27,M,4017.0,0,79,4017.25,0,29,4017.5,0,17,4017.75,49,32,4018.0,2,41,4018.25,1,99,4018.5,5,0,4018.25,4018.5,4017.0,4017.0,23.75,10.0
2023-03-07 10:15:37,0,2023-03-07 10:15:37,S,4009.25,0,138,4009.5,150,37,4009.75,61,79,4010.0,206,357,4010.25,224,150,4010.5,110,31,4010.75,51,0,4010.5,4010.75,4009.25,4010.75,7.0,0.25
2023-03-07 10:16:02,1,2023-03-07 10:15:37,S,4009.5,0,100,4009.75,29,336,4010.0,157,78,4010.25,45,128,4010.5,104,402,4010.75,130,159,4011.0,258,0,4011.0,4011.0,4009.5,4009.5,7.0,0.25
2023-03-07 10:16:07,2,2023-03-07 10:15:37,S,4009.25,0,77,4009.5,45,51,4009.75,90,24,4010.0,16,1,4010.25,74,0,4010.5,84,0,4010.75,105,0,4009.25,4010.75,4009.25,4010.75,7.0,0.25
2023-03-07 10:16:14,3,2023-03-07 10:15:37,S,4010.0,0,117,4010.25,2,74,4010.5,0,73,4010.75,2,114,4011.0,153,86,4011.25,160,50,4011.5,18,0,4011.0,4011.5,4010.0,4010.0,7.0,0.25
2023-03-07 10:16:36,4,2023-03-07 10:15:37,S,4009.0,0,39,4009.25,161,218,4009.5,276,230,4009.75,223,175,4010.0,153,89,4010.25,361,225,4010.5,352,0,4009.75,4010.5,4009.0,4010.5,7.0,0.25
2023-03-07 10:17:02,-1,2023-03-07 10:15:37,S,4010.25,0,29,4010.5,273,153,4010.75,285,124,4011.0,218,167,4011.25,169,99,4011.5,143,27,4011.75,44,0,4010.75,4011.75,4010.25,4011.75,7.0,0.25
2023-03-07 10:23:04,0,2023-03-07 10:23:04,S,4009.25,0,183,4009.5,57,220,4009.75,131,69,4010.0,72,39,4010.25,76,197,4010.5,175,20,4010.75,1,0,4010.0,4010.75,4009.25,4009.25,7.0,0.25
2023-03-07 10:23:42,1,2023-03-07 10:23:04,S,4009.0,0,1047,4009.25,491,547,4009.5,663,182,4009.75,153,0,4010.0,125,35,4010.25,198,0,4010.5,54,0,4009.0,4010.5,4009.0,4010.5,7.0,0.25
2023-03-07 10:24:28,2,2023-03-07 10:23:04,S,4010.5,0,81,4010.75,302,183,4011.0,253,61,4011.25,169,302,4011.5,332,334,4011.75,344,169,4012.0,136,0,4010.75,4012.0,4010.5,4010.5,7.25,0.0
2023-03-07 10:25:03,3,2023-03-07 10:23:04,S,4009.25,0,3,4009.5,20,112,4009.75,29,147,4010.0,86,188,4010.25,126,418,4010.5,444,264,4010.75,194,0,4010.25,4010.75,4009.25,4010.75,7.25,0.0
2023-03-07 10:25:23,4,2023-03-07 10:23:04,S,4009.5,0,92,4009.75,126,243,4010.0,4,171,4010.25,80,126,4010.5,91,41,4010.75,39,32,4011.0,136,0,4011.0,4011.0,4009.5,4009.5,7.25,0.0
2023-03-07 10:25:49,5,2023-03-07 10:23:04,S,4008.5,0,217,4008.75,139,283,4009.0,0,565,4009.25,192,184,4009.5,201,127,4009.75,97,68,4010.0,31,0,4009.25,4010.0,4008.5,4008.5,7.25,0.0
2023-03-07 10:25:57,6,2023-03-07 10:23:04,S,4008.25,0,195,4008.5,243,14,4008.75,69,3,4009.0,66,42,4009.25,130,2,4009.5,131,1,4009.75,62,0,4008.25,4009.75,4008.25,4009.75,7.25,0.0
2023-03-07 10:26:14,7,2023-03-07 10:23:04,S,4009.5,0,7,4009.75,7,299,4010.0,402,280,4010.25,347,52,4010.5,136,84,4010.75,224,97,4011.0,92,0,4010.0,4011.0,4009.5,4011.0,7.25,0.75
2023-03-07 10:26:24,8,2023-03-07 10:23:04,S,4010.5,0,2,4010.75,8,172,4011.0,156,39,4011.25,113,29,4011.5,122,0,4011.75,61,0,4012.0,116,0,4011.25,4012.0,4010.5,4012.0,7.25,0.75
2023-03-07 10:27:00,-1,2023-03-07 10:23:04,S,4012.0,0,1,4012.25,111,12,4012.5,298,325,4012.75,363,450,4013.0,756,492,4013.25,484,89,4013.5,107,0,4012.25,4013.5,4012.0,4013.5,7.25,0.75
2023-03-07 10:28:54,0,2023-03-07 10:28:54,S,4008.25,0,979,4008.5,297,75,4008.75,0,110,4009.0,0,108,4009.25,0,32,4009.5,0,192,4009.75,75,0,4009.5,4009.75,4008.25,4008.25,7.25,0.75
2023-03-07 10:29:05,-1,2023-03-07 10:28:54,S,4007.0,0,660,4007.25,441,256,4007.5,192,224,4007.75,56,57,4008.0,0,252,4008.25,325,149,4008.5,154,0,4008.0,4008.5,4007.0,4007.0,7.25,1.0
2023-03-07 10:30:19,0,2023-03-07 10:30:19,S,4008.25,37,49,4008.5,235,46,4008.75,135,192,4009.0,254,343,4009.25,344,62,4009.5,161,0,4009.75,116,0,4008.25,4009.75,4008.25,4009.75,7.25,2.25
2023-03-07 10:30:43,1,2023-03-07 10:30:19,S,4009.25,0,50,4009.5,0,164,4009.75,62,107,4010.0,123,215,4010.25,499,531,4010.5,343,144,4010.75,23,0,4010.0,4010.75,4009.25,4009.25,7.25,2.25
2023-03-07 10:31:08,2,2023-03-07 10:30:19,S,4008.0,0,135,4008.25,4,340,4008.5,199,278,4008.75,144,154,4009.0,84,435,4009.25,430,118,4009.5,107,0,4009.0,4009.5,4008.0,4008.0,7.25,2.5
2023-03-07 10:31:23,3,2023-03-07 10:30:19,S,4007.75,0,176,4008.0,372,60,4008.25,41,0,4008.5,13,112,4008.75,492,0,4009.0,195,15,4009.25,85,0,4007.75,4009.25,4007.75,4009.25,7.25,2.5
2023-03-07 10:31:29,4,2023-03-07 10:30:19,S,4008.0,0,41,4008.25,0,51,4008.5,3,186,4008.75,13,79,4009.0,17,97,4009.25,0,68,4009.5,10,0,4009.5,4009.5,4008.0,4008.0,7.25,2.5
2023-03-07 10:31:41,5,2023-03-07 10:30:19,S,4007.75,0,175,4008.0,146,101,4008.25,191,0,4008.5,41,0,4008.75,14,0,4009.0,151,0,4009.25,129,0,4007.75,4009.25,4007.75,4009.25,7.25,2.5
2023-03-07 10:32:17,6,2023-03-07 10:30:19,S,4009.0,0,121,4009.25,69,101,4009.5,56,181,4009.75,234,411,4010.0,309,431,4010.25,329,54,4010.5,23,0,4009.5,4010.5,4009.0,4009.0,9.25,0.5
2023-03-07 10:32:35,7,2023-03-07 10:30:19,S,4008.5,0,91,4008.75,155,293,4009.0,165,73,4009.25,96,0,4009.5,40,2,4009.75,184,1,4010.0,44,0,4008.75,4010.0,4008.5,4010.0,9.25,0.5
2023-03-07 10:32:59,8,2023-03-07 10:30:19,S,4008.75,0,97,4009.0,30,264,4009.25,223,233,4009.5,97,29,4009.75,170,27,4010.0,10,24,4010.25,2,0,4010.25,4010.25,4008.75,4008.75,9.25,0.5
2023-03-07 10:33:13,9,2023-03-07 10:30:19,S,4008.5,0,3,4008.75,13,10,4009.0,282,29,4009.25,42,154,4009.5,95,0,4009.75,17,2,4010.0,170,0,4008.5,4010.0,4008.5,4010.0,9.25,0.5
2023-03-07 10:33:46,10,2023-03-07 10:30:19,S,4009.25,0,26,4009.5,82,537,4009.75,70,184,4010.0,97,155,4010.25,204,204,4010.5,374,122,4010.75,49,0,4010.25,4010.75,4009.25,4009.25,9.25,0.5
2023-03-07 10:33:58,11,2023-03-07 10:30:19,S,4008.5,0,107,4008.75,20,111,4009.0,0,115,4009.25,59,37,4009.5,287,159,4009.75,154,181,4010.0,142,0,4009.0,4010.0,4008.5,4008.5,9.25,0.5
2023-03-07 10:34:17,12,2023-03-07 10:30:19,S,4007.25,0,11,4007.5,81,160,4007.75,191,244,4008.0,370,486,4008.25,176,279,4008.5,126,62,4008.75,36,0,4008.25,4008.75,4007.25,4008.75,9.25,0.5
2023-03-07 10:35:11,13,2023-03-07 10:30:19,S,4007.5,0,455,4007.75,456,396,4008.0,415,251,4008.25,325,428,4008.5,293,292,4008.75,63,50,4009.0,28,0,4009.0,4009.0,4007.5,4007.5,9.25,0.5
2023-03-07 10:35:34,14,2023-03-07 10:30:19,S,4007.0,0,14,4007.25,142,194,4007.5,194,424,4007.75,332,0,4008.0,23,0,4008.25,151,38,4008.5,77,0,4007.25,4008.5,4007.0,4008.5,9.25,0.5
2023-03-07 10:36:19,15,2023-03-07 10:30:19,S,4008.75,34,186,4009.0,449,127,4009.25,267,207,4009.5,399,605,4009.75,351,205,4010.0,391,10,4010.25,212,0,4008.75,4010.25,4008.75,4010.25,9.25,0.5
2023-03-07 10:36:33,-1,2023-03-07 10:30:19,S,4010.0,0,39,4010.25,23,127,4010.5,79,1,4010.75,24,212,4011.0,378,254,4011.25,72,1,4011.5,149,0,4010.5,4011.5,4010.0,4011.5,9.25,0.5
2023-03-07 10:41:36,0,2023-03-07 10:41:36,S,4005.75,0,110,4006.0,57,256,4006.25,49,413,4006.5,359,386,4006.75,7,71,4007.0,0,168,4007.25,238,95,4007.25,4007.25,4005.75,4005.75,9.25,0.5
2023-03-07 10:41:56,1,2023-03-07 10:41:36,S,4005.5,0,259,4005.75,84,113,4006.0,174,47,4006.25,158,465,4006.5,219,230,4006.75,234,32,4007.0,147,0,4005.5,4007.0,4005.5,4007.0,9.25,0.5
2023-03-07 10:42:09,2,2023-03-07 10:41:36,S,4006.5,0,10,4006.75,18,27,4007.0,172,244,4007.25,200,0,4007.5,31,3,4007.75,106,55,4008.0,21,0,4007.25,4008.0,4006.5,4008.0,9.25,1.5
2023-03-07 10:42:15,3,2023-03-07 10:41:36,S,4007.5,0,69,4007.75,0,16,4008.0,0,67,4008.25,81,77,4008.5,177,137,4008.75,98,4,4009.0,4,0,4008.25,4009.0,4007.5,4007.5,9.25,1.5
2023-03-07 10:42:39,4,2023-03-07 10:41:36,S,4007.25,0,134,4007.5,45,276,4007.75,351,94,4008.0,58,157,4008.25,61,54,4008.5,153,54,4008.75,7,0,4007.25,4008.75,4007.25,4007.25,9.25,1.5
2023-03-07 10:43:12,5,2023-03-07 10:41:36,S,4006.5,0,193,4006.75,0,159,4007.0,72,461,4007.25,310,84,4007.5,226,49,4007.75,70,70,4008.0,81,0,4007.0,4008.0,4006.5,4006.5,9.25,1.5
2023-03-07 10:43:30,6,2023-03-07 10:41:36,S,4006.25,0,9,4006.5,18,36,4006.75,131,40,4007.0,85,113,4007.25,110,110,4007.5,133,8,4007.75,25,0,4006.25,4007.75,4006.25,4007.75,9.25,1.5
2023-03-07 10:43:46,-1,2023-03-07 10:41:36,S,4007.75,0,5,4008.0,197,124,4008.25,100,78,4008.5,80,0,4008.75,57,3,4009.0,85,46,4009.25,111,0,4008.0,4009.25,4007.75,4009.25,9.25,1.5
2023-03-07 10:47:48,0,2023-03-07 10:47:48,M,4014.0,0,98,4014.25,15,385,4014.5,349,446,4014.75,664,529,4015.0,707,297,4015.25,162,79,4015.5,20,0,4014.5,4015.5,4014.0,4014.0,19.5,8.0
2023-03-07 10:48:40,1,2023-03-07 10:47:48,M,4013.5,0,121,4013.75,11,37,4014.0,237,380,4014.25,254,219,4014.5,242,519,4014.75,515,251,4015.0,274,0,4013.75,4015.0,4013.5,4015.0,19.5,8.0
2023-03-07 10:49:00,2,2023-03-07 10:47:48,M,4014.25,0,3,4014.5,18,126,4014.75,147,36,4015.0,35,34,4015.25,179,110,4015.5,207,90,4015.75,47,0,4015.25,4015.75,4014.25,4015.75,19.5,8.0
2023-03-07 10:49:22,3,2023-03-07 10:47:48,M,4014.75,0,56,4015.0,0,367,4015.25,292,260,4015.5,128,74,4015.75,38,384,4016.0,109,44,4016.25,210,0,4016.0,4016.25,4014.75,4014.75,19.25,8.0
2023-03-07 10:49:41,4,2023-03-07 10:47:48,M,4013.75,0,85,4014.0,75,36,4014.25,37,117,4014.5,33,207,4014.75,142,44,4015.0,100,30,4015.25,56,0,4014.5,4015.25,4013.75,4015.25,19.25,8.0
2023-03-07 10:50:02,5,2023-03-07 10:47:48,M,4014.75,0,64,4015.0,130,134,4015.25,419,326,4015.5,496,0,4015.75,19,0,4016.0,47,0,4016.25,41,0,4015.5,4016.25,4014.75,4016.25,19.25,8.0
2023-03-07 10:50:41,6,2023-03-07 10:47:48,M,4016.0,0,188,4016.25,281,359,4016.5,612,448,4016.75,340,220,4017.0,402,85,4017.25,294,206,4017.5,99,0,4016.5,4017.5,4016.0,4016.0,19.25,8.0
2023-03-07 10:51:02,7,2023-03-07 10:47:48,M,4015.0,0,65,4015.25,173,369,4015.5,210,215,4015.75,132,119,4016.0,37,71,4016.25,137,20,4016.5,5,0,4015.75,4016.5,4015.0,4015.0,19.0,8.0
2023-03-07 10:51:14,8,2023-03-07 10:47:48,M,4014.0,0,7,4014.25,25,151,4014.5,245,135,4014.75,72,106,4015.0,37,9,4015.25,42,36,4015.5,175,0,4014.75,4015.5,4014.0,4015.5,19.0,8.0
2023-03-07 10:51:33,9,2023-03-07 10:47:48,M,4015.0,0,91,4015.25,84,62,4015.5,17,35,4015.75,170,52,4016.0,50,101,4016.25,24,23,4016.5,5,0,4015.75,4016.5,4015.0,4015.0,19.0,8.0
2023-03-07 10:51:59,10,2023-03-07 10:47:48,M,4013.75,0,18,4014.0,0,113,4014.25,0,68,4014.5,42,265,4014.75,133,187,4015.0,142,10,4015.25,21,0,4014.75,4015.25,4013.75,4013.75,19.0,8.0
2023-03-07 10:52:51,-1,2023-03-07 10:47:48,M,4012.25,0,132,4012.5,56,247,4012.75,362,367,4013.0,336,336,4013.25,309,304,4013.5,240,128,4013.75,43,0,4013.5,4013.75,4012.25,4012.25,19.0,8.0
2023-03-07 10:55:12,0,2023-03-07 10:55:12,S,4006.5,0,74,4006.75,0,156,4007.0,3,165,4007.25,36,158,4007.5,71,30,4007.75,169,2,4008.0,7,0,4007.25,4008.0,4006.5,4006.5,8.0,1.5
2023-03-07 10:55:24,1,2023-03-07 10:55:12,S,4006.25,0,85,4006.5,52,3,4006.75,152,137,4007.0,383,118,4007.25,173,100,4007.5,146,15,4007.75,78,0,4006.25,4007.75,4006.25,4007.75,8.0,1.5
2023-03-07 10:55:37,2,2023-03-07 10:55:12,S,4007.25,0,49,4007.5,13,40,4007.75,0,13,4008.0,72,115,4008.25,222,219,4008.5,159,44,4008.75,14,0,4008.0,4008.75,4007.25,4007.25,8.0,1.5
2023-03-07 10:56:21,3,2023-03-07 10:55:12,S,4006.75,0,69,4007.0,52,112,4007.25,132,520,4007.5,203,513,4007.75,314,191,4008.0,170,27,4008.25,12,0,4007.0,4008.25,4006.75,4006.75,8.5,1.0
2023-03-07 10:56:26,4,2023-03-07 10:55:12,S,4005.5,0,122,4005.75,0,65,4006.0,0,224,4006.25,13,65,4006.5,0,91,4006.75,86,41,4007.0,30,0,4006.5,4007.0,4005.5,4005.5,8.5,1.0
2023-03-07 10:57:33,-1,2023-03-07 10:55:12,S,4005.0,0,1143,4005.25,1289,1267,4005.5,935,598,4005.75,863,232,4006.0,475,263,4006.25,382,269,4006.5,49,0,4005.25,4006.5,4005.0,4005.0,9.0,1.0
2023-03-07 10:57:39,0,2023-03-07 10:57:39,S,4004.5,0,40,4004.75,126,191,4005.0,431,0,4005.25,110,5,4005.5,109,2,4005.75,148,5,4006.0,88,0,4004.75,4006.0,4004.5,4006.0,9.0,1.0
2023-03-07 10:58:12,1,2023-03-07 10:57:39,S,4005.0,0,594,4005.25,87,120,4005.5,81,75,4005.75,55,143,4006.0,92,230,4006.25,444,10,4006.5,16,0,4006.25,4006.5,4005.0,4005.0,10.0,0.5
2023-03-07 10:59:04,2,2023-03-07 10:57:39,S,4004.5,0,541,4004.75,367,490,4005.0,567,351,4005.25,521,186,4005.5,405,94,4005.75,155,0,4006.0,67,0,4004.75,4006.0,4004.5,4006.0,10.0,0.5
2023-03-07 11:00:00,3,2023-03-07 10:57:39,S,4005.0,0,107,4005.25,0,234,4005.5,441,632,4005.75,318,410,4006.0,428,272,4006.25,337,103,4006.5,148,0,4006.25,4006.5,4005.0,4005.0,10.0,0.5
2023-03-07 11:00:18,4,2023-03-07 10:57:39,S,4004.75,0,68,4005.0,65,130,4005.25,290,41,4005.5,236,27,4005.75,125,33,4006.0,116,153,4006.25,85,0,4004.75,4006.25,4004.75,4006.25,10.0,0.5
2023-03-07 11:00:28,-1,2023-03-07 10:57:39,S,4006.5,30,70,4006.75,107,0,4007.0,33,1,4007.25,125,135,4007.5,136,187,4007.75,247,56,4008.0,179,0,4006.5,4008.0,4006.5,4008.0,10.0,0.5
2023-03-07 11:01:53,0,2023-03-07 11:01:53,S,4005.0,0,18,4005.25,32,52,4005.5,63,32,4005.75,90,31,4006.0,130,205,4006.25,145,6,4006.5,49,0,4005.25,4006.5,4005.0,4006.5,9.75,0.75
2023-03-07 11:02:58,-1,2023-03-07 11:01:53,S,4005.75,0,5,4006.0,111,269,4006.25,398,278,4006.5,335,236,4006.75,249,229,4007.0,429,125,4007.25,312,0,4006.75,4007.25,4005.75,4007.25,10.0,0.5
2023-03-07 11:07:23,0,2023-03-07 11:07:23,S,4004.25,0,36,4004.5,288,503,4004.75,119,131,4005.0,197,140,4005.25,96,8,4005.5,21,0,4005.75,45,0,4005.0,4005.75,4004.25,4005.75,10.0,0.5
2023-03-07 11:07:45,-1,2023-03-07 11:07:23,S,4005.25,0,3,4005.5,64,23,4005.75,34,70,4006.0,126,188,4006.25,279,26,4006.5,89,46,4006.75,181,0,4006.0,4006.75,4005.25,4006.75,10.0,0.5
2023-03-07 11:09:24,0,2023-03-07 11:09:24,S,4005.0,0,590,4005.25,423,214,4005.5,159,226,4005.75,136,100,4006.0,93,75,4006.25,56,39,4006.5,63,0,4006.0,4006.5,4005.0,4006.5,10.0,0.75
2023-03-07 11:10:20,-1,2023-03-07 11:09:24,S,4005.5,0,32,4005.75,24,43,4006.0,42,126,4006.25,264,290,4006.5,508,243,4006.75,234,252,4007.0,116,0,4006.75,4007.0,4005.5,4007.0,10.0,0.75
2023-03-07 11:20:00,0,2023-03-07 11:20:00,M,4014.0,166,55,4014.25,157,62,4014.5,147,0,4014.75,49,0,4015.0,116,82,4015.25,70,5,4015.5,131,0,4014.0,4015.5,4014.0,4015.5,15.75,10.0
2023-03-07 11:20:03,-1,2023-03-07 11:20:00,M,4015.75,104,1,4016.0,60,1,4016.25,92,48,4016.5,61,100,4016.75,200,54,4017.0,88,9,4017.25,94,0,4015.75,4017.25,4015.75,4017.25,15.5,10.0
2023-03-07 11:23:57,0,2023-03-07 11:23:57,M,4015.0,0,109,4015.25,218,72,4015.5,103,279,4015.75,277,667,4016.0,519,728,4016.25,684,253,4016.5,164,0,4015.75,4016.5,4015.0,4016.5,15.0,10.0
2023-03-07 11:24:02,-1,2023-03-07 11:23:57,M,4016.5,0,133,4016.75,61,0,4017.0,81,34,4017.25,40,31,4017.5,92,50,4017.75,75,2,4018.0,47,0,4016.75,4018.0,4016.5,4018.0,13.75,11.25
2023-03-07 11:24:54,0,2023-03-07 11:24:54,M,4016.0,0,15,4016.25,134,177,4016.5,139,21,4016.75,42,0,4017.0,17,0,4017.25,19,78,4017.5,53,0,4016.25,4017.5,4016.0,4017.5,13.75,11.25
2023-03-07 11:25:00,-1,2023-03-07 11:24:54,M,4017.25,0,1,4017.5,5,35,4017.75,72,0,4018.0,265,4,4018.25,100,9,4018.5,285,115,4018.75,211,0,4017.75,4018.75,4017.25,4018.75,13.75,11.25
2023-03-07 11:30:11,0,2023-03-07 11:30:11,M,4015.75,0,65,4016.0,3,284,4016.25,149,126,4016.5,45,67,4016.75,56,225,4017.0,114,42,4017.25,4,0,4016.75,4017.25,4015.75,4015.75,14.5,10.0
2023-03-07 11:30:19,1,2023-03-07 11:30:11,M,4015.5,0,11,4015.75,8,45,4016.0,90,30,4016.25,193,6,4016.5,80,11,4016.75,45,49,4017.0,44,0,4015.5,4017.0,4015.5,4017.0,14.5,10.0
2023-03-07 11:30:42,-1,2023-03-07 11:30:11,M,4017.0,0,134,4017.25,100,247,4017.5,122,87,4017.75,91,6,4018.0,43,61,4018.25,141,0,4018.5,22,0,4017.25,4018.5,4017.0,4018.5,14.5,10.0
2023-03-07 11:31:11,0,2023-03-07 11:31:11,M,4016.25,0,9,4016.5,17,65,4016.75,27,133,4017.0,34,62,4017.25,227,122,4017.5,85,184,4017.75,176,0,4017.0,4017.75,4016.25,4017.75,14.5,10.0
2023-03-07 11:31:40,1,2023-03-07 11:31:11,M,4017.0,0,113,4017.25,14,57,4017.5,45,251,4017.75,82,145,4018.0,156,195,4018.25,119,134,4018.5,39,0,4018.0,4018.5,4017.0,4017.0,14.5,10.0
2023-03-07 11:31:50,2,2023-03-07 11:31:11,M,4016.25,0,11,4016.5,28,41,4016.75,20,75,4017.0,76,17,4017.25,16,4,4017.5,36,1,4017.75,40,0,4016.75,4017.75,4016.25,4017.75,14.5,10.0
2023-03-07 11:32:34,3,2023-03-07 11:31:11,M,4016.75,0,46,4017.0,51,119,4017.25,117,165,4017.5,136,119,4017.75,83,240,4018.0,262,148,4018.25,125,0,4018.0,4018.25,4016.75,4018.25,14.5,10.0
2023-03-07 11:32:57,4,2023-03-07 11:31:11,M,4017.75,0,44,4018.0,2,41,4018.25,0,167,4018.5,124,129,4018.75,209,100,4019.0,60,18,4019.25,11,0,4018.5,4019.25,4017.75,4017.75,14.5,10.0
2023-03-07 11:33:13,5,2023-03-07 11:31:11,M,4016.5,0,26,4016.75,63,30,4017.0,12,213,4017.25,195,174,4017.5,46,95,4017.75,26,0,4018.0,20,0,4017.5,4018.0,4016.5,4018.0,14.5,10.0
2023-03-07 11:33:29,6,2023-03-07 11:31:11,M,4016.75,0,73,4017.0,11,77,4017.25,86,64,4017.5,65,11,4017.75,0,11,4018.0,0,71,4018.25,165,0,4018.25,4018.25,4016.75,4016.75,14.5,10.0
2023-03-07 11:34:02,7,2023-03-07 11:31:11,M,4016.5,0,19,4016.75,127,87,4017.0,142,133,4017.25,220,162,4017.5,269,19,4017.75,118,0,4018.0,49,0,4016.5,4018.0,4016.5,4018.0,14.5,10.0
2023-03-07 11:34:36,8,2023-03-07 11:31:11,M,4017.25,0,3,4017.5,17,76,4017.75,107,143,4018.0,55,23,4018.25,181,38,4018.5,66,204,4018.75,284,0,4018.25,4018.75,4017.25,4018.75,14.5,10.0
2023-03-07 11:35:13,9,2023-03-07 11:31:11,M,4017.75,0,59,4018.0,68,65,4018.25,113,212,4018.5,161,61,4018.75,99,54,4019.0,330,135,4019.25,67,0,4019.0,4019.25,4017.75,4019.25,14.5,10.0
2023-03-07 11:35:46,10,2023-03-07 11:31:11,M,4018.75,0,40,4019.0,8,91,4019.25,29,112,4019.5,235,130,4019.75,250,450,4020.0,271,87,4020.25,24,0,4019.5,4020.25,4018.75,4018.75,14.5,10.0
2023-03-07 11:36:08,11,2023-03-07 11:31:11,M,4017.0,0,96,4017.25,21,196,4017.5,59,85,4017.75,24,157,4018.0,113,156,4018.25,80,50,4018.5,30,25,4018.5,4018.5,4017.0,4017.0,14.5,10.0
